4559 5834
885 438 979 601 aar
1042 480 1531 582 tornatura-uno
1567 481 2039 617 ιιιιιιιιιιτιοιιιι

875 723 919 809 itt
954 725 1043 810 eiua
1072 735 1215 805 centro
1247 714 1503 822 grauitatis(
1533 715 1691 804 Verum
1722 729 1803 808 ex
1822 721 2146 815 demonstratione
2227 801 2228 818 ι

875 857 967 935 data
1002 869 1200 961 apparet,
1233 849 1447 930 ueritatem
1484 842 1760 940 theorematis
1780 856 1906 936 etiam
1940 853 2145 966 subsistere,
2227 951 2228 966 ρ

853 981 1144 1088 quodcunque
1177 975 1285 1060 aliud
1322 977 1525 1086 punitum
1562 1005 1635 1090 pru
1668 999 1812 1076 centro
1842 978 2089 1086 Spiraeraes
2085 1013 2145 1070 ue·

870 1112 930 1192 rit
966 1113 1196 1194 assumtum.
1266 1105 1648 1218 Quamobrem,st
1698 1109 1740 1192 iu
1795 1133 1969 1218 corpore
2019 1113 2144 1218 rigido
2227 1115 2228 1222 i

872 1236 966 1323 soro
1016 1239 1039 1324 I
1091 1235 1314 1346 accipiatur
1362 1239 1561 1348 punsiunt
1614 1240 1881 1350 quodcunque
1922 1299 1937 1344 ,
1995 1269 2070 1354 per
2111 1247 2144 1340 it
2227 1281 2228 1308 ι

869 1371 1031 1480 semper
1063 1369 1157 1452 duci
1193 1394 1246 1476 pr
1251 1369 1348 1450 terrt
1381 1366 1483 1448 linea
1514 1365 1648 1472 resia,
1680 1373 1797 1488 euius
1830 1367 1981 1479 positio
2016 1373 2145 1464 rnsrru

738 1535 746 1547 ·
872 1500 1069 1585 translato
1098 1523 1178 1581 nou
1214 1495 1295 1580 erit
1330 1496 1583 1600 immutatur
1615 1498 1716 1608 quin
1757 1485 1882 1590 etianr
1918 1498 2079 1588 nihil
2068 1529 2145 1590 rm·

804 1736 808 1745 ,
870 1629 1016 1737 pedit,
1081 1648 1168 1737 qun
1218 1626 1359 1709 minus
1408 1625 1504 1710 istud
1556 1626 1755 1738 punctum
1810 1625 1832 1714 1
1883 1631 1986 1712 adeo
2040 1657 2142 1726 extra
2227 1647 2228 1670 ¹

868 1779 1019 1868 corpus
1051 1757 1280 1868 accipiatur.
1330 1754 1609 1866 Quamobrem
1630 1759 1877 1854 ,cauendum
1906 1757 1979 1862 eu,
2011 1787 2061 1844 ne
2082 1766 2144 1855 issa

774 1904 777 1908 ’
868 1886 970 1992 infig
974 1887 1036 1970 nis
1067 1889 1296 2000 proprietas
1331 1904 1522 1993 tanquam
1552 1909 1696 1972 centro
1703 1887 1942 2001 grauitatis
1985 1897 2143 2004 propria

866 2007 1094 2125 sprstttur:
1110 2018 1221 2106 irieo
1260 2017 1371 2097 euim
1415 2033 1574 2097 tantum
1630 1993 1830 2129 punstum
1883 2015 1986 2102 illud
2032 2023 2059 2114 l
2105 2028 2144 2114 in

866 2147 953 2256 ipso
986 2169 1130 2230 centro
1144 2118 1381 2250 grauitatis
1421 2146 1604 2254 corporis
1652 2145 1835 2231 cunstitui
1878 2143 2014 2252 solet,
2066 2175 2149 2262 quo

816 2371 820 2376 5
862 2275 1067 2362 sormulae
1100 2271 1347 2381 analyticae,
1387 2275 1529 2380 quibus
1565 2297 1702 2364 motus
1735 2277 1886 2364 talium
1917 2301 2144 2394 corporum

863 2405 1091 2510 definitur,
1125 2403 1231 2490 fiunt
1263 2401 1541 2516 stmpliciores.

874 2720 878 2729 .
968 2682 973 2692 ·
1016 2653 1051 2754 §.
1090 2661 1160 2738 ιε.
1198 2648 1308 2738 Cum
1353 2648 1484 2757 igitur
1529 2649 1773 2740 solidissimis
1820 2650 2049 2738 rationibus
2099 2652 2148 2740 st
2193 2683 2196 2690 ·

863 2779 1087 2884 ruisiurn,
1120 2780 1162 2863 in
1198 2780 1314 2864 omni
1351 2781 1428 2866 situ
1467 2781 1662 2868 translatu
1695 2790 1853 2894 semper
1899 2785 1984 2867 dari
2038 2787 2151 2870 eiua·

862 2914 976 2998 modi
1011 2911 1161 2996 lineam
1198 2910 1348 2994 tesiam
1381 2912 1476 3015 iz,
1508 2915 1623 2994 cuius
1654 2914 1825 2998 directio
1868 2935 1949 2995 non
1999 2914 2155 3000 discre-

861 3043 931 3154 pet
964 3063 987 3123 a
1018 3039 1253 3138 directione,
1282 3063 1406 3148 quam
1441 3045 1579 3123 eadem
1618 3041 1723 3125 resia
1760 3033 1838 3127 lZ
1872 3041 1913 3124 in
1945 3037 2025 3122 fitrr
2068 3043 2156 3127 ini·

862 3170 952 3256 tiali
1001 3168 1169 3271 tenuit,
1209 3170 1335 3252 etiam
1386 3169 1488 3254 certi
1546 3169 1622 3252 esse
1668 3167 1898 3280 possumus,
1927 3172 2159 3275 aequatio·

841 3307 953 3386 'nem
987 3299 1020 3404 i.
1059 3328 1128 3384 22.
1173 3297 1308 3381 datam
1360 3301 1516 3407 semper
1565 3297 1704 3383 locum
1751 3299 1827 3386 esse
1881 3300 2163 3406 habituram,

856 3411 1071 3545 postquam
1122 3428 1271 3514 scilicet
1318 3427 1411 3513 loco
1449 3429 1642 3510 omniurn
1692 3425 1926 3514 litterarum
1982 3429 2159 3514 rasores

856 3558 1040 3667 affigunt
1074 3560 1223 3643 suerint
1256 3552 1487 3662 substituti3
1518 3552 1597 3642 huc
1637 3557 1747 3640 enirn
1783 3559 2164 3646 faeto'uereurrio

855 3692 1021 3777 euenire
1050 3688 1204 3792 debet,
1234 3703 1282 3771 rt
1324 3707 1483 3770 omues*
1513 3685 1633 3795 plane
1683 3689 1852 3772 termini
1905 3691 2065 3798 sponte
2122 3691 2163 3774 se

854 3811 1009 3904 rirutuu
1040 3809 1221 3921 tollant,
1251 3813 1408 3900 etiamsr
1442 3809 1517 3906 hoc
1549 3835 1603 3896 ex
1638 3813 1704 3898 sex
1754 3818 1840 3903 illia
1886 3818 2163 3902 conditioni-

854 3944 929 4033 bus
962 3945 1296 4060 principalibus,¹
1323 3943 1470 4054 quibus
1520 3940 1702 4028 satisfieri
1754 3945 1949 4059 oportuit
2014 3949 2166 4032 neuti*

852 4100 978 4187 quam
1011 4091 1212 4188 appareat.
1276 4073 1560 4191 Quamobrem
1598 4074 1673 4172 issa
1709 4079 1862 4163 eximia
1899 4077 2171 4187 preprietaa

770 4209 797 4278 ’.
851 4207 972 4291 cuius
1003 4207 1157 4290 veritas
1200 4208 1450 4311 geometrice
1485 4221 1569 4285 tarn
1614 4203 1732 4290 tacite
1762 4209 1819 4292 esi
1867 4207 2044 4292 ostensa
2097 4229 2169 4292 ra·

854 4320 965 4422 tione
998 4330 1271 4420 formularum
1306 4331 1603 4442 analyticorum
1638 4357 1724 4442 pro·
1749 4339 1939 4422 maxime
1995 4339 2173 4425 abstorr-

851 4463 939 4553 dita
968 4455 1028 4551 eu
1058 4463 1269 4572 habenda5
1297 4485 1418 4577 atque
1448 4464 1502 4554 ob
1533 4457 1637 4550 sanc
1678 4465 1805 4582 ipsam
1837 4469 2084 4560 rationem
2119 4491 2179 4556 ex

902 4627 907 4639 '
2128 4619 2179 4686 ἥ
