4559 5834
574 449 1005 608 ‘ffliffst'sss‘
1153 401 1165 414 *
1281 435 1434 601 *rra

415 631 1228 810 on‘sauvnurouus·
1597 636 1615 697 ‘*

55 1004 57 1054 ἰ
161 883 406 993 Cluen
471 903 759 998 Nouum
819 915 915 1000 uu
964 908 1436 1006 srucvunuu

263 1051 1352 1270 ru'oouussrouvu

616 1341 976 1456 onnus

642 1598 928 1688 Auctore

529 1793 577 1910 u
639 1820 1037 1916 urnnno

761 2135 799 2191 1.

143 2235 281 2466 Inter
314 2290 379 2356 res
408 2269 729 2380 saepenumero,
758 2294 858 2378 quae
888 2265 1112 2353 attentione
1145 2266 1276 2354 noiira
1308 2265 1420 2354 haud

143 2403 150 2421 ·
220 2396 372 2498 dignae
406 2399 654 2492 uideantur,
683 2395 944 2476 obseruantur
980 2394 1189 2502 quaedam,
1222 2417 1322 2502 quae
1356 2401 1418 2480 sa·

143 2521 474 2627 tisprofundam
528 2521 878 2624 inuestigarionem
928 2505 1180 2628 requirunt,
1227 2545 1273 2602 ac
1332 2549 1416 2611 non

140 2666 286 2748 putum
319 2646 556 2745 sublimibus
607 2641 941 2750 speculationibus
991 2641 1272 2742 occasrouem,
1293 2670 1415 2756 prae·

137 2768 240 2859 beo.
302 2773 428 2887 Quod
458 2799 553 2856 cum
589 2771 780 2885 plurimis
812 2765 1016 2879 exemplis
1047 2767 1283 2859 confirmari
1315 2799 1413 2886 pos..
1563 2757 1576 2793 ’“

139 2893 218 2999 stt,
263 2917 358 2985 tum
412 2925 544 3014 nuper
590 2904 736 3025 etiam
768 2898 849 3009 ipse
896 2900 984 2981 sum
1037 2917 1256 3008 expertus,
1305 2907 1409 3004 dum
1540 3013 1544 3022 ἡ

137 3027 401 3129 quaestionem
445 3029 565 3112 illam
616 3025 830 3132 tyronibus
878 3024 1159 3130 notiffimam‚
1208 3035 1434 3115 attentius

136 3156 481 3264 contemptorem,
516 3180 595 3265 qua
627 3141 863 3266 quindecim
899 3154 1119 3239 Christiani
1154 3158 1429 3269 totidemque·

133 3274 276 3363 ludaei
301 3286 357 3366 ita
388 3287 525 3370 ordine
559 3285 647 3370 sunt
680 3281 942 3380 collocandi,
973 3303 1021 3365 ut
1052 3280 1117 3389 fi,
1166 3289 1403 3374 numerandi

132 3403 255 3492 initio
285 3409 324 3493 in
356 3413 452 3498 dato
483 3412 576 3497 loco
608 3417 772 3518 tumre,
823 3433 951 3493 nonus
978 3410 1146 3520 quisque
1181 3415 1249 3498 uel
1293 3405 1404 3501 deci·

132 3557 225 3616 mus
255 3537 298 3620 in
333 3561 444 3626 mare
482 3539 533 3625 fit
583 3541 831 3642 eiiciendus,
877 3535 972 3621 baec
1023 3563 1150 3646 poena
1202 3541 1247 3623 in
1297 3546 1401 3630 solos

130 3657 293 3747 ludaeos
323 3667 375 3752 fit
405 3672 554 3756 casura.
634 3667 748 3780 Quae
780 3665 956 3772 quaestio
985 3665 1143 3750 etiamn
1179 3665 1220 3752 in
1255 3673 1291 3752 se
1329 3670 1401 3756 ni·

129 3783 189 3874 bil
221 3790 362 3883 habeat
394 3793 682 3899 difficultatis,
715 3813 854 3880 tamen
885 3815 989 3876 mox
1020 3796 1144 3900 uidi,
1178 3791 1208 3878 fi
1244 3797 1285 3879 in
1318 3824 1399 3907 ge-

129 3939 221 4004 nere
247 3924 297 4006 de
320 3923 557 4014 ,hominum
602 3949 777 4008 numero
828 3943 1105 4030 quocunque,
1150 3947 1203 4007 ex
1255 3921 1398 4034 quibus

128 4068 207 4130 non
242 4076 374 4136 nonus
408 4056 467 4138 sed
499 4054 715 4138 secundum
748 4049 880 4147 alium
928 4051 1116 4170 quemuis
1167 4055 1391 4141 numerum

122 4183 439 4292 quotusquisque
472 4177 521 4264 fit
554 4181 807 4284 eiiciendae,
856 4201 1140 4288 proponatur,
1193 4181 1395 4266 difficilli-

126 4323 241 4388 mum
278 4313 375 4415 sture,
407 4308 594 4397 ordinem
624 4313 802 4414 eo‘rum,
833 4307 904 4416 qui
935 4314 1131 4414 continuo
1162 4311 1392 4422 eiicientur,
1474 4346 1476 4352 ’

125 4429 328 4543 tffignate.
398 4437 543 4550 Neque
572 4433 669 4523 'adeo
701 4434 918 4522 methodus
950 4440 1098 4523 constat
1130 4435 1208 4520 boc
1239 4433 1282 4517 iu
1306 4425 1393 4542 'gess

707 4563 810 4680 Qu
1288 4591 1385 4654 nete
