4559 5834
232 529 317 624 ue
347 530 521 627 notu
553 446 881 622 contonuu
909 517 1272 622 ntotnonvu.
1309 553 1400 646 ιο,

141 755 337 868 suscepit3
377 763 498 850 ruina
540 759 707 872 quidem
758 757 1083 870 profundiffitnaa
1126 755 1406 852 meditationes

142 889 324 976 maxima
343 912 438 975 cum
456 891 647 1020 auiditate
665 885 906 997 perlustrare
923 893 1013 973 sum
1039 905 1229 994 conatur,
1251 907 1406 972 uerun-

141 1035 278 1100 tameu
297 1041 320 1099 a
338 1042 406 1101 mc
422 1022 642 1126 impetrate
659 1040 739 1100 non
758 1017 954 1126 potui,ut
972 1041 1116 1102 omues
1131 1018 1217 1102 eiua
1234 1013 1408 1101 calculoo
1459 1093 1463 1102 ,

139 1162 403 1255 penetrarem.
428 1143 580 1230 Statim
599 1144 711 1226 euim
739 1145 926 1252 primum
953 1144 1129 1230 Lemma
1156 1147 1216 1251 ita
1242 1162 1306 1226 me
1329 1143 1407 1226 dc·

138 1272 283 1354 terruit
303 1333 318 1376 ‚
341 1289 386 1356 ut
418 1272 471 1356 ob
491 1272 707 1359 'dcedium
738 1271 963 1356 oculorum-
978 1271 1234 1358 nullomodo
1250 1273 1408 1384 sperare

138 1399 377 1510 potuerim,
402 1403 548 1489 omnia
578 1397 752 1487 artificia
784 1398 995 1509 analytica,
1023 1404 1169 1516 quibua
1201 1401 1257 1488 est
1288 1403 1410 1504 usus,

136 1530 384 1642 perscrutari.
1156 1627 1158 1632 ¹

288 1657 321 1757 ς.
360 1681 401 1740 a.
434 1652 544 1741 Cum
576 1675 717 1744 autem
752 1680 911 1767 nuper,
940 1659 1042 1748 dum
1096 1674 1255 1774 partem
1305 1677 1408 1766 geo·

135 1783 385 1889 metricam,
413 1786 483 1870 cui
514 1786 584 1869 iiia
614 1787 872 1892 inuestigatio
902 1791 1125 1895 innititur,
1180 1786 1411 1872 accuratius

135 1911 404 1996 euoluendam
438 1913 601 2024 suscepi,
632 1909 732 2000 hanc
765 1911 965 2020 insignem
999 1915 1294 2028 proprietatem
1330 1911 1410 1998 dc-

135 2039 442 2148 monstrassem,
474 2045 615 2152 quoi,
637 2043 1006 2153 quomodocunque
1037 2064 1190 2152 corpus
1221 2039 1408 2147 rigidum

131 2188 182 2249 ex
216 2167 322 2250 statu
356 2167 501 2254 initiali
532 2172 576 2252 itt
608 2168 737 2254 aliurn
758 2186 1056 2280 ‘quemcunque
1086 2173 1231 2258 statum
1283 2164 1410 2250 suerit

133 2292 417 2398 mainadarum,
447 2297 490 2378 iu
519 2322 575 2382 eo
604 2301 762 2406 scm'pcr
795 2297 888 2380 talis
920 2300 1006 2380 axis
1033 2297 1219 2404 affiguari
1256 2291 1407 2403 poffit,

127 2425 251 2503 caius
284 2424 452 2506 directio
484 2424 529 2506 in
565 2444 741 2532 utroque
774 2427 877 2506 statu
910 2417 1410 2506 maneatinuariataahaec

129 2546 415 2657 pulcherrima
446 2552 669 2658 proprietas
699 2547 812 2634 mihi
847 2549 983 2634 statim
1006 2550 1175 2652 riserit,
1196 2547 1408 2632 eximium

127 2673 351 2760 substdiutn
385 2679 677 2785 suppeditare,
711 2679 814 2760 uude
844 2676 1016 2778 omnia,
1053 2699 1156 2784 quae
1205 2676 1252 2758 ad
1308 2695 1409 2756 mo-

127 2819 218 2884 tum
258 2799 496 2888 huiusmodi
526 2825 750 2910 corporum
785 2805 1025 2912 pertinent,
1075 2799 1213 2883 multo
1251 2799 1408 2885 facilius
1494 2864 1498 2874 a

124 2948 166 3014 et
198 2926 287 3010 stne
323 2947 429 3012 tanta
461 2931 658 3034 sartagine
701 2949 765 3013 rot
813 2931 1088 3034 quantitatum
1144 2915 1415 3046 uariabiiium‘

125 3053 292 3140 definiti
327 3054 491 3166 possent.
557 3057 766 3166 Postquam
800 3057 914 3137 enim
948 3077 1091 3138 motus
1122 3059 1252 3140 centri
1306 3077 1405 3162 gra·

126 3181 270 3266 uitatis
302 3186 422 3267 suerit
460 3181 730 3286 definitus,io
764 3186 863 3268 siatu
896 3183 1048 3266 initiaii
1080 3177 1152 3267 ille
1187 3203 1406 3292 quaeratur

122 3320 257 3414 axis,
289 3313 356 3419 qui
392 3313 434 3392 in
469 3314 567 3396 siatu
600 3311 793 3394 translato
825 3312 1062 3395 etiamnunc
1109 3315 1279 3392 candem
1331 3313 1412 3394 ser·

125 3459 203 3521 uat
237 3440 529 3543 directioncma
563 3462 653 3525 tum
688 3464 787 3524 uero
818 3457 1031 3547 quaeratur
1072 3438 1282 3543 angulus,
1323 3461 1408 3548 quo

121 3589 284 3677 corpus
315 3571 466 3676 interea
499 3569 604 3654 circa
653 3567 760 3650 hunc
786 3591 925 3678 ¹¹arcem
978 3567 1099 3649 suerit
1145 3569 1406 3650 conuersum.

124 3694 462 3805 ldocquemodo
494 3699 540 3780 ad
571 3698 743 3808 quoduis
776 3713 939 3803 tempus
971 3694 1067 3778 ficus
1098 3696 1280 3804 corpotit
1308 3718 1403 3804 pet·

123 3825 225 3907 tecte
259 3817 556 3928 cognoscetur,
607 3828 750 3906 itaut
791 3842 872 3906 rota
907 3822 1163 3924 inuestigatio
1192 3825 1240 3904 ad
1275 3825 1407 3905 deter-

124 3953 402 4036 minationem
437 3955 550 4036 iiiios
572 3943 666 4034 'axia
699 3977 774 4060 pro
806 3955 953 4058 quouis
984 3969 1169 4064 ternpore
1200 3974 1296 4034 cum
1332 3973 1408 4031 nn·

121 4079 228 4182 graio
263 4082 542 4164 conncrsronis
571 4085 805 4180 reducatur,
835 4080 1098 4187 quamobrem
1130 4079 1245 4163 istam
1266 4075 1400 4166 idea‘m

125 4205 195 4291 hic
227 4211 471 4292 adcurarius
503 4211 592 4290 sum
630 4212 918 4314 persecuturos.
1477 4221 1479 4224 ·

286 4341 324 4437 §.
363 4363 404 4439 a·
441 4332 749 4422 Consedetcmus
781 4335 903 4436 igitur
935 4357 1082 4442 corpus
1114 4333 1158 4441 in
1194 4331 1290 4416 ssatu
1335 4333 1408 4412 suo

120 4461 337 4560 initiali,
388 4469 430 4546 in
476 4487 559 4571 quo
608 4489 683 4570 pro
732 4461 863 4546 iubitu
916 4465 1158 4574 accipiamur
1202 4457 1406 4570 punitum

164 4582 735 4704 ‚uomxauunnconn
948 4592 1038 4678 Dd
1271 4589 1408 4696 quod·
