<?xml version="1.0" encoding="UTF-8"?>
<!DOCTYPE html PUBLIC "-//W3C//DTD XHTML 1.0 Transitional//EN"
    "http://www.w3.org/TR/xhtml1/DTD/xhtml1-transitional.dtd">
<html xmlns="http://www.w3.org/1999/xhtml" xml:lang="en" lang="en">
 <head>
  <title>
</title>
<meta http-equiv="Content-Type" content="text/html;charset=utf-8" />
  <meta name='ocr-system' content='tesseract 3.04.00' />
  <meta name='ocr-capabilities' content='ocr_page ocr_carea ocr_par ocr_line ocrx_word'/>
</head>
<body>
  <div class='ocr_page' id='page_1' title='image "./novicommentarii10sssrgoog/novicommentarii10sssrgoog_0212.png"; bbox 0 0 4559 5834; ppageno 0'>
   <div class='ocr_carea' id='block_1_1' title="bbox 820 521 1643 637">
    <p class='ocr_par' dir='ltr' id='par_1_1' title="bbox 820 521 1643 637">
     <span class='ocr_line' id='line_1_1' title="bbox 820 521 1643 637; baseline -0.012 -7"><span class='ocrx_word' id='word_1_1' title='bbox 820 550 926 637; x_wconf 59' lang='lat' dir='ltr'>ers</span> <span class='ocrx_word' id='word_1_2' title='bbox 1069 595 1089 615; x_wconf 86' lang='lat'>.-</span> <span class='ocrx_word' id='word_1_3' title='bbox 1262 521 1643 624; x_wconf 67' lang='lat' dir='ltr'>novuti</span> 
     </span>
    </p>
   </div>
   <div class='ocr_carea' id='block_1_2' title="bbox 830 711 2107 866">
    <p class='ocr_par' dir='ltr' id='par_1_2' title="bbox 830 711 2246 876">
     <span class='ocr_line' id='line_1_2' title="bbox 830 711 2107 866; baseline -0.015 -7"><span class='ocrx_word' id='word_1_4' title='bbox 830 770 1028 860; x_wconf 80' lang='lat' dir='ltr'>ordinem.</span> <span class='ocrx_word' id='word_1_5' title='bbox 1053 759 1207 850; x_wconf 79' lang='lat' dir='ltr'>harum</span> <span class='ocrx_word' id='word_1_6' title='bbox 1238 711 1556 853; x_wconf 65' lang='lat' dir='ltr'>diffinitivum</span> <span class='ocrx_word' id='word_1_7' title='bbox 1587 753 1797 846; x_wconf 66' lang='lat' dir='ltr'>austerum</span> <span class='ocrx_word' id='word_1_8' title='bbox 1829 746 1905 844; x_wconf 76' lang='lat' dir='ltr'>rix</span> <span class='ocrx_word' id='word_1_9' title='bbox 1938 749 2107 866; x_wconf 82' lang='lat' dir='ltr'>siligne·</span> 
     </span>
    </p>
   </div>
   <div class='ocr_carea' id='block_1_3' title="bbox 828 885 2108 1142">
    <p class='ocr_par' dir='ltr' id='par_1_3' title="bbox 828 885 2246 1142">
     <span class='ocr_line' id='line_1_3' title="bbox 830 885 2108 1001; baseline -0.009 -17"><span class='ocrx_word' id='word_1_10' title='bbox 830 923 878 984; x_wconf 89' lang='lat' dir='ltr'>re</span> <span class='ocrx_word' id='word_1_11' title='bbox 908 897 1057 1001; x_wconf 72' lang='lat' dir='ltr'>liceat,</span> <span class='ocrx_word' id='word_1_12' title='bbox 1097 892 1323 1000; x_wconf 82' lang='lat' dir='ltr'>generatim</span> <span class='ocrx_word' id='word_1_13' title='bbox 1354 911 1468 979; x_wconf 87' lang='lat' dir='ltr'>certe</span> <span class='ocrx_word' id='word_1_14' title='bbox 1498 891 1565 977; x_wconf 88' lang='lat' dir='ltr'>hic</span> <span class='ocrx_word' id='word_1_15' title='bbox 1596 885 1908 982; x_wconf 77' lang='lat' dir='ltr'>nihilomnino</span> <span class='ocrx_word' id='word_1_16' title='bbox 1938 885 2108 974; x_wconf 85' lang='lat' dir='ltr'>definiri</span> 
     </span>
     <span class='ocr_line' id='line_1_4' title="bbox 828 1013 2106 1142; baseline -0.007 -33"><span class='ocrx_word' id='word_1_17' title='bbox 828 1023 939 1142; x_wconf 77' lang='lat' dir='ltr'>postis</span> <span class='ocrx_word' id='word_1_18' title='bbox 988 1024 1167 1108; x_wconf 77' lang='lat' dir='ltr'>ridetur.</span> <span class='ocrx_word' id='word_1_19' title='bbox 1251 1019 1373 1108; x_wconf 88' lang='lat' dir='ltr'>Circa</span> <span class='ocrx_word' id='word_1_20' title='bbox 1425 1020 1553 1108; x_wconf 85' lang='lat' dir='ltr'>finem</span> <span class='ocrx_word' id='word_1_21' title='bbox 1593 1039 1733 1103; x_wconf 86' lang='lat' dir='ltr'>autem</span> <span class='ocrx_word' id='word_1_22' title='bbox 1767 1013 1978 1128; x_wconf 76' lang='lat' dir='ltr'>imprimis</span> <span class='ocrx_word' id='word_1_23' title='bbox 2005 1013 2106 1104; x_wconf 84' lang='lat' dir='ltr'>haec</span> 
     </span>
    </p>
   </div>
   <div class='ocr_carea' id='block_1_4' title="bbox 619 1141 2107 1258">
    <p class='ocr_par' dir='ltr' id='par_1_4' title="bbox 619 1141 2107 1258">
     <span class='ocr_line' id='line_1_5' title="bbox 619 1141 2107 1258; baseline -0.007 -17"><span class='ocrx_word' id='word_1_24' title='bbox 619 1213 623 1220; x_wconf 82' lang='lat'>·</span> <span class='ocrx_word' id='word_1_25' title='bbox 727 1192 733 1203; x_wconf 58' lang='grc'><em>’</em></span> <span class='ocrx_word' id='word_1_26' title='bbox 829 1154 950 1240; x_wconf 78' lang='lat' dir='ltr'>series</span> <span class='ocrx_word' id='word_1_27' title='bbox 979 1150 1186 1235; x_wconf 72' lang='lat' dir='ltr'>eieuionis</span> <span class='ocrx_word' id='word_1_28' title='bbox 1218 1151 1276 1238; x_wconf 86' lang='lat' dir='ltr'>ita</span> <span class='ocrx_word' id='word_1_29' title='bbox 1309 1151 1361 1240; x_wconf 82' lang='lat' dir='ltr'>fit</span> <span class='ocrx_word' id='word_1_30' title='bbox 1394 1146 1656 1258; x_wconf 80' lang='lat' dir='ltr'>irregularis,</span> <span class='ocrx_word' id='word_1_31' title='bbox 1709 1167 1758 1234; x_wconf 82' lang='lat' dir='ltr'>vt</span> <span class='ocrx_word' id='word_1_32' title='bbox 1794 1141 1903 1232; x_wconf 89' lang='lat' dir='ltr'>nulli</span> <span class='ocrx_word' id='word_1_33' title='bbox 1938 1147 2107 1256; x_wconf 83' lang='lat' dir='ltr'>prorsus</span> 
     </span>
    </p>
   </div>
   <div class='ocr_carea' id='block_1_5' title="bbox 812 1264 2107 1388">
    <p class='ocr_par' dir='ltr' id='par_1_5' title="bbox 812 1264 2107 1388">
     <span class='ocr_line' id='line_1_6' title="bbox 812 1264 2107 1388; baseline 0 -24"><span class='ocrx_word' id='word_1_34' title='bbox 812 1283 917 1388; x_wconf 74' lang='lat' dir='ltr'>‚legi</span> <span class='ocrx_word' id='word_1_35' title='bbox 951 1278 1134 1370; x_wconf 78' lang='lat' dir='ltr'>adstricia</span> <span class='ocrx_word' id='word_1_36' title='bbox 1169 1277 1371 1364; x_wconf 82' lang='lat' dir='ltr'>rideatur.</span> <span class='ocrx_word' id='word_1_37' title='bbox 1442 1277 1556 1384; x_wconf 84' lang='lat' dir='ltr'>Eum</span> <span class='ocrx_word' id='word_1_38' title='bbox 1590 1276 1632 1358; x_wconf 94' lang='lat' dir='ltr'>in</span> <span class='ocrx_word' id='word_1_39' title='bbox 1664 1264 1791 1364; x_wconf 85' lang='lat' dir='ltr'>finem</span> <span class='ocrx_word' id='word_1_40' title='bbox 1824 1291 1964 1360; x_wconf 82' lang='lat' dir='ltr'>autem</span> <span class='ocrx_word' id='word_1_41' title='bbox 2001 1274 2107 1364; x_wconf 87' lang='lat' dir='ltr'>hanc</span> 
     </span>
    </p>
   </div>
   <div class='ocr_carea' id='block_1_6' title="bbox 687 1402 2110 1530">
    <p class='ocr_par' dir='ltr' id='par_1_6' title="bbox 687 1402 2110 1530">
     <span class='ocr_line' id='line_1_7' title="bbox 687 1402 2110 1530; baseline -0.008 -31"><span class='ocrx_word' id='word_1_42' title='bbox 687 1509 691 1513; x_wconf 45' lang='grc'>,</span> <span class='ocrx_word' id='word_1_43' title='bbox 810 1410 972 1530; x_wconf 43' lang='lat' dir='ltr'>,scriem</span> <span class='ocrx_word' id='word_1_44' title='bbox 1007 1409 1075 1492; x_wconf 90' lang='lat' dir='ltr'>hic</span> <span class='ocrx_word' id='word_1_45' title='bbox 1105 1409 1314 1518; x_wconf 78' lang='lat' dir='ltr'>exposui,</span> <span class='ocrx_word' id='word_1_46' title='bbox 1346 1427 1430 1516; x_wconf 85' lang='lat' dir='ltr'>quo</span> <span class='ocrx_word' id='word_1_47' title='bbox 1460 1407 1612 1492; x_wconf 86' lang='lat' dir='ltr'>clarius</span> <span class='ocrx_word' id='word_1_48' title='bbox 1640 1422 1786 1490; x_wconf 88' lang='lat' dir='ltr'>omnes</span> <span class='ocrx_word' id='word_1_49' title='bbox 1817 1402 2110 1516; x_wconf 86' lang='lat' dir='ltr'>difficultates,</span> 
     </span>
    </p>
   </div>
   <div class='ocr_carea' id='block_1_7' title="bbox 716 1529 2104 1918">
    <p class='ocr_par' dir='ltr' id='par_1_7' title="bbox 716 1529 2104 1918">
     <span class='ocr_line' id='line_1_8' title="bbox 796 1529 2100 1648; baseline 0 -32"><span class='ocrx_word' id='word_1_50' title='bbox 796 1539 972 1648; x_wconf 30' lang='lat' dir='ltr'>‘quibus</span> <span class='ocrx_word' id='word_1_51' title='bbox 1024 1537 1287 1648; x_wconf 58' lang='lat' dir='ltr'>perscrutatio</span> <span class='ocrx_word' id='word_1_52' title='bbox 1334 1538 1422 1620; x_wconf 90' lang='lat' dir='ltr'>eius</span> <span class='ocrx_word' id='word_1_53' title='bbox 1471 1529 1730 1642; x_wconf 84' lang='lat' dir='ltr'>impeditur,</span> <span class='ocrx_word' id='word_1_54' title='bbox 1778 1532 2100 1645; x_wconf 79' lang='lat' dir='ltr'>perspiciantur,</span> 
     </span>
     <span class='ocr_line' id='line_1_9' title="bbox 818 1659 2104 1775; baseline -0.003 -23"><span class='ocrx_word' id='word_1_55' title='bbox 818 1665 1007 1775; x_wconf 82' lang='lat' dir='ltr'>haecque</span> <span class='ocrx_word' id='word_1_56' title='bbox 1041 1667 1124 1775; x_wconf 84' lang='lat' dir='ltr'>ipss</span> <span class='ocrx_word' id='word_1_57' title='bbox 1157 1666 1273 1750; x_wconf 87' lang='lat' dir='ltr'>series</span> <span class='ocrx_word' id='word_1_58' title='bbox 1306 1685 1358 1752; x_wconf 80' lang='lat' dir='ltr'>cu</span> <span class='ocrx_word' id='word_1_59' title='bbox 1391 1661 1551 1748; x_wconf 88' lang='lat' dir='ltr'>ludicro</span> <span class='ocrx_word' id='word_1_60' title='bbox 1587 1659 1793 1774; x_wconf 87' lang='lat' dir='ltr'>principio</span> <span class='ocrx_word' id='word_1_61' title='bbox 1824 1680 1936 1748; x_wconf 81' lang='lat' dir='ltr'>enata</span> <span class='ocrx_word' id='word_1_62' title='bbox 1967 1682 2104 1752; x_wconf 83' lang='lat' dir='ltr'>atten-</span> 
     </span>
     <span class='ocr_line' id='line_1_10' title="bbox 716 1791 1643 1918; baseline -0.006 -36"><span class='ocrx_word' id='word_1_63' title='bbox 716 1806 719 1812; x_wconf 82' lang='grc'><em>’</em></span> <span class='ocrx_word' id='word_1_64' title='bbox 822 1796 939 1918; x_wconf 78' lang='lat' dir='ltr'>tione</span> <span class='ocrx_word' id='word_1_65' title='bbox 971 1794 1104 1883; x_wconf 81' lang='lat' dir='ltr'>nostra</span> <span class='ocrx_word' id='word_1_66' title='bbox 1140 1819 1222 1880; x_wconf 92' lang='lat' dir='ltr'>non</span> <span class='ocrx_word' id='word_1_67' title='bbox 1254 1791 1417 1902; x_wconf 82' lang='lat' dir='ltr'>indigna</span> <span class='ocrx_word' id='word_1_68' title='bbox 1449 1793 1643 1878; x_wconf 80' lang='lat' dir='ltr'>rideatur.</span> 
     </span>
    </p>
   </div>
   <div class='ocr_carea' id='block_1_8' title="bbox 822 1974 2102 2481">
    <p class='ocr_par' dir='ltr' id='par_1_8' title="bbox 822 1974 2102 2481">
     <span class='ocr_line' id='line_1_11' title="bbox 976 1974 2102 2096; baseline 0.001 -19"><span class='ocrx_word' id='word_1_69' title='bbox 976 1974 1334 2093; x_wconf 61' lang='lat' dir='ltr'>effla&#39;ecautem</span> <span class='ocrx_word' id='word_1_70' title='bbox 1369 1986 1484 2074; x_wconf 86' lang='lat' dir='ltr'>series</span> <span class='ocrx_word' id='word_1_71' title='bbox 1516 1981 1729 2072; x_wconf 73' lang='lat' dir='ltr'>eiectionis</span> <span class='ocrx_word' id='word_1_72' title='bbox 1773 1985 1955 2096; x_wconf 77' lang='lat' dir='ltr'>specialis</span> <span class='ocrx_word' id='word_1_73' title='bbox 1998 1991 2102 2078; x_wconf 87' lang='lat' dir='ltr'>dua·</span> 
     </span>
     <span class='ocr_line' id='line_1_12' title="bbox 822 2113 2102 2234; baseline -0.002 -31"><span class='ocrx_word' id='word_1_74' title='bbox 822 2121 898 2207; x_wconf 86' lang='lat' dir='ltr'>bns</span> <span class='ocrx_word' id='word_1_75' title='bbox 949 2123 1065 2205; x_wconf 85' lang='lat' dir='ltr'>rebus</span> <span class='ocrx_word' id='word_1_76' title='bbox 1096 2122 1420 2223; x_wconf 81' lang='lat' dir='ltr'>determinatur,</span> <span class='ocrx_word' id='word_1_77' title='bbox 1468 2137 1644 2223; x_wconf 86' lang='lat' dir='ltr'>quarum</span> <span class='ocrx_word' id='word_1_78' title='bbox 1679 2113 1804 2199; x_wconf 86' lang='lat' dir='ltr'>altera</span> <span class='ocrx_word' id='word_1_79' title='bbox 1841 2117 1884 2206; x_wconf 89' lang='lat' dir='ltr'>in</span> <span class='ocrx_word' id='word_1_80' title='bbox 1925 2140 2102 2234; x_wconf 83' lang='lat' dir='ltr'>numero</span> 
     </span>
     <span class='ocr_line' id='line_1_13' title="bbox 823 2242 2097 2358; baseline -0.002 -26"><span class='ocrx_word' id='word_1_81' title='bbox 823 2268 1054 2348; x_wconf 90' lang='lat' dir='ltr'>notarum,</span> <span class='ocrx_word' id='word_1_82' title='bbox 1088 2245 1158 2355; x_wconf 91' lang='lat' dir='ltr'>qui</span> <span class='ocrx_word' id='word_1_83' title='bbox 1188 2247 1243 2330; x_wconf 90' lang='lat' dir='ltr'>est</span> <span class='ocrx_word' id='word_1_84' title='bbox 1278 2266 1362 2348; x_wconf 78' lang='lat' dir='ltr'>ao,</span> <span class='ocrx_word' id='word_1_85' title='bbox 1392 2242 1517 2327; x_wconf 83' lang='lat' dir='ltr'>altera</span> <span class='ocrx_word' id='word_1_86' title='bbox 1551 2265 1653 2328; x_wconf 80' lang='lat' dir='ltr'>vero</span> <span class='ocrx_word' id='word_1_87' title='bbox 1686 2266 1981 2356; x_wconf 76' lang='lat' dir='ltr'>numeratores,</span> <span class='ocrx_word' id='word_1_88' title='bbox 2026 2247 2097 2358; x_wconf 91' lang='lat' dir='ltr'>qni</span> 
     </span>
     <span class='ocr_line' id='line_1_14' title="bbox 822 2364 2098 2481; baseline -0.001 -20"><span class='ocrx_word' id='word_1_89' title='bbox 822 2375 880 2461; x_wconf 81' lang='lat' dir='ltr'>cst</span> <span class='ocrx_word' id='word_1_90' title='bbox 911 2403 940 2479; x_wconf 91' lang='lat'>9</span> <span class='ocrx_word' id='word_1_91' title='bbox 973 2373 1216 2457; x_wconf 90' lang='lat' dir='ltr'>continetur.</span> <span class='ocrx_word' id='word_1_92' title='bbox 1296 2364 1495 2481; x_wconf 76' lang='lat' dir='ltr'>Quocirca</span> <span class='ocrx_word' id='word_1_93' title='bbox 1528 2370 1570 2453; x_wconf 93' lang='lat' dir='ltr'>in</span> <span class='ocrx_word' id='word_1_94' title='bbox 1604 2393 1753 2476; x_wconf 87' lang='lat' dir='ltr'>genere</span> <span class='ocrx_word' id='word_1_95' title='bbox 1796 2373 1973 2481; x_wconf 85' lang='lat' dir='ltr'>quaestio</span> <span class='ocrx_word' id='word_1_96' title='bbox 2018 2375 2098 2460; x_wconf 88' lang='lat' dir='ltr'>buc</span> 
     </span>
    </p>
   </div>
   <div class='ocr_carea' id='block_1_9' title="bbox 822 2500 2246 2596">
    <p class='ocr_par' dir='ltr' id='par_1_9' title="bbox 822 2500 2246 2596">
     <span class='ocr_line' id='line_1_15' title="bbox 822 2500 2246 2596; baseline 0.006 -8"><span class='ocrx_word' id='word_1_97' title='bbox 822 2500 960 2588; x_wconf 76' lang='lat' dir='ltr'>redita</span> <span class='ocrx_word' id='word_1_98' title='bbox 1002 2520 1052 2584; x_wconf 81' lang='lat' dir='ltr'>ut</span> <span class='ocrx_word' id='word_1_99' title='bbox 1082 2501 1180 2586; x_wconf 84' lang='lat' dir='ltr'>dato</span> <span class='ocrx_word' id='word_1_100' title='bbox 1215 2513 1406 2582; x_wconf 82' lang='lat' dir='ltr'>notarum</span> <span class='ocrx_word' id='word_1_101' title='bbox 1438 2520 1617 2582; x_wconf 88' lang='lat' dir='ltr'>numero</span> <span class='ocrx_word' id='word_1_102' title='bbox 1647 2521 1726 2582; x_wconf 62' lang='lat' dir='ltr'>stoa</span> <span class='ocrx_word' id='word_1_103' title='bbox 1756 2523 1848 2584; x_wconf 89' lang='lat' dir='ltr'>cum</span> <span class='ocrx_word' id='word_1_104' title='bbox 1898 2509 2101 2591; x_wconf 85' lang='lat' dir='ltr'>numera·</span> <span class='ocrx_word' id='word_1_105' title='bbox 2245 2585 2246 2596; x_wconf 24' lang='lat' dir='ltr'>r</span> 
     </span>
    </p>
   </div>
   <div class='ocr_carea' id='block_1_10' title="bbox 827 2621 2101 2738">
    <p class='ocr_par' dir='ltr' id='par_1_10' title="bbox 827 2621 2101 2738">
     <span class='ocr_line' id='line_1_16' title="bbox 827 2621 2101 2738; baseline 0.009 -29"><span class='ocrx_word' id='word_1_106' title='bbox 827 2649 920 2717; x_wconf 87' lang='lat' dir='ltr'>tore</span> <span class='ocrx_word' id='word_1_107' title='bbox 956 2625 1036 2732; x_wconf 84' lang='lat' dir='ltr'>ipsa</span> <span class='ocrx_word' id='word_1_108' title='bbox 1071 2625 1188 2706; x_wconf 88' lang='lat' dir='ltr'>series</span> <span class='ocrx_word' id='word_1_109' title='bbox 1219 2622 1429 2707; x_wconf 70' lang='lat' dir='ltr'>eieciionis</span> <span class='ocrx_word' id='word_1_110' title='bbox 1461 2621 1730 2734; x_wconf 83' lang='lat' dir='ltr'>exhibeatur,</span> <span class='ocrx_word' id='word_1_111' title='bbox 1775 2631 1889 2712; x_wconf 90' lang='lat' dir='ltr'>cuius</span> <span class='ocrx_word' id='word_1_112' title='bbox 1922 2631 2101 2738; x_wconf 80' lang='lat' dir='ltr'>solutio·</span> 
     </span>
    </p>
   </div>
   <div class='ocr_carea' id='block_1_11' title="bbox 817 2752 2244 2865">
    <p class='ocr_par' dir='ltr' id='par_1_11' title="bbox 817 2752 2244 2865">
     <span class='ocr_line' id='line_1_17' title="bbox 817 2752 2244 2865; baseline 0.002 -21"><span class='ocrx_word' id='word_1_113' title='bbox 817 2777 919 2844; x_wconf 89' lang='lat' dir='ltr'>nem</span> <span class='ocrx_word' id='word_1_114' title='bbox 953 2771 1051 2833; x_wconf 91' lang='lat' dir='ltr'>cum</span> <span class='ocrx_word' id='word_1_115' title='bbox 1087 2752 1128 2834; x_wconf 90' lang='lat' dir='ltr'>in</span> <span class='ocrx_word' id='word_1_116' title='bbox 1163 2773 1308 2858; x_wconf 83' lang='lat' dir='ltr'>genere</span> <span class='ocrx_word' id='word_1_117' title='bbox 1341 2753 1495 2860; x_wconf 82' lang='lat' dir='ltr'>sperare</span> <span class='ocrx_word' id='word_1_118' title='bbox 1533 2777 1809 2865; x_wconf 77' lang='lat' dir='ltr'>nequeamus,</span> <span class='ocrx_word' id='word_1_119' title='bbox 1853 2759 1897 2842; x_wconf 92' lang='lat' dir='ltr'>in</span> <span class='ocrx_word' id='word_1_120' title='bbox 1945 2757 2103 2846; x_wconf 86' lang='lat' dir='ltr'>caiibus</span> <span class='ocrx_word' id='word_1_121' title='bbox 2243 2771 2244 2776; x_wconf 69' lang='lat'>&#39;</span> 
     </span>
    </p>
   </div>
   <div class='ocr_carea' id='block_1_12' title="bbox 821 2875 2103 3376">
    <p class='ocr_par' dir='ltr' id='par_1_12' title="bbox 821 2875 2103 3376">
     <span class='ocr_line' id='line_1_18' title="bbox 824 2875 2099 2998; baseline -0.009 -30"><span class='ocrx_word' id='word_1_122' title='bbox 824 2878 1133 2998; x_wconf 81' lang='lat' dir='ltr'>particularibus</span> <span class='ocrx_word' id='word_1_123' title='bbox 1166 2875 1428 2967; x_wconf 86' lang='lat' dir='ltr'>attentionem</span> <span class='ocrx_word' id='word_1_124' title='bbox 1475 2881 1650 2965; x_wconf 83' lang='lat' dir='ltr'>nostram</span> <span class='ocrx_word' id='word_1_125' title='bbox 1710 2887 1892 2972; x_wconf 84' lang='lat' dir='ltr'>exerceri</span> <span class='ocrx_word' id='word_1_126' title='bbox 1939 2911 2099 2977; x_wconf 81' lang='lat' dir='ltr'>conus.</span> 
     </span>
     <span class='ocr_line' id='line_1_19' title="bbox 822 3007 2103 3120; baseline 0 -20"><span class='ocrx_word' id='word_1_127' title='bbox 822 3011 940 3114; x_wconf 87' lang='lat' dir='ltr'>niet,</span> <span class='ocrx_word' id='word_1_128' title='bbox 989 3031 1088 3092; x_wconf 87' lang='lat' dir='ltr'>num</span> <span class='ocrx_word' id='word_1_129' title='bbox 1142 3008 1244 3094; x_wconf 85' lang='lat' dir='ltr'>sorte</span> <span class='ocrx_word' id='word_1_130' title='bbox 1294 3007 1427 3112; x_wconf 84' lang='lat' dir='ltr'>legem</span> <span class='ocrx_word' id='word_1_131' title='bbox 1474 3007 1710 3120; x_wconf 85' lang='lat' dir='ltr'>quampiam</span> <span class='ocrx_word' id='word_1_132' title='bbox 1743 3013 1930 3120; x_wconf 83' lang='lat' dir='ltr'>detegere</span> <span class='ocrx_word' id='word_1_133' title='bbox 1962 3018 2103 3104; x_wconf 82' lang='lat' dir='ltr'>vidra-</span> 
     </span>
     <span class='ocr_line' id='line_1_20' title="bbox 823 3135 2103 3257; baseline 0.003 -32"><span class='ocrx_word' id='word_1_134' title='bbox 823 3160 930 3226; x_wconf 83' lang='lat' dir='ltr'>mus.</span> <span class='ocrx_word' id='word_1_135' title='bbox 982 3137 1047 3223; x_wconf 80' lang='lat' dir='ltr'>ne</span> <span class='ocrx_word' id='word_1_136' title='bbox 1079 3135 1415 3245; x_wconf 87' lang='lat' dir='ltr'>primoquidem</span> <span class='ocrx_word' id='word_1_137' title='bbox 1452 3154 1595 3248; x_wconf 73' lang='lat' dir='ltr'>patet,</span> <span class='ocrx_word' id='word_1_138' title='bbox 1636 3137 1941 3257; x_wconf 85' lang='lat' dir='ltr'>finumeratot</span> <span class='ocrx_word' id='word_1_139' title='bbox 1972 3145 2103 3233; x_wconf 81' lang='lat' dir='ltr'>fuerit</span> 
     </span>
     <span class='ocr_line' id='line_1_21' title="bbox 821 3256 2102 3376; baseline 0.003 -23"><span class='ocrx_word' id='word_1_140' title='bbox 821 3264 990 3372; x_wconf 80' lang='lat' dir='ltr'>unitas,</span> <span class='ocrx_word' id='word_1_141' title='bbox 1038 3256 1180 3352; x_wconf 86' lang='lat' dir='ltr'>seriem</span> <span class='ocrx_word' id='word_1_142' title='bbox 1228 3261 1438 3348; x_wconf 76' lang='lat' dir='ltr'>erectionis</span> <span class='ocrx_word' id='word_1_143' title='bbox 1483 3265 1610 3376; x_wconf 85' lang='lat' dir='ltr'>ipsam</span> <span class='ocrx_word' id='word_1_144' title='bbox 1642 3267 1728 3350; x_wconf 86' lang='lat' dir='ltr'>fore</span> <span class='ocrx_word' id='word_1_145' title='bbox 1760 3269 1908 3354; x_wconf 86' lang='lat' dir='ltr'>seriem</span> <span class='ocrx_word' id='word_1_146' title='bbox 1946 3293 2102 3358; x_wconf 61' lang='lat' dir='ltr'>numc‘</span> 
     </span>
    </p>
   </div>
   <div class='ocr_carea' id='block_1_13' title="bbox 692 3389 2246 3506">
    <p class='ocr_par' dir='ltr' id='par_1_13' title="bbox 692 3389 2246 3506">
     <span class='ocr_line' id='line_1_22' title="bbox 692 3389 2246 3506; baseline 0.018 -47"><span class='ocrx_word' id='word_1_147' title='bbox 692 3452 698 3459; x_wconf 86' lang='lat'>.</span> <span class='ocrx_word' id='word_1_148' title='bbox 822 3413 968 3480; x_wconf 82' lang='lat' dir='ltr'>sorum</span> <span class='ocrx_word' id='word_1_149' title='bbox 1003 3389 1253 3478; x_wconf 82' lang='lat' dir='ltr'>naturalium</span> <span class='ocrx_word' id='word_1_150' title='bbox 1311 3417 1363 3500; x_wconf 90' lang='lat'>1,</span> <span class='ocrx_word' id='word_1_151' title='bbox 1400 3421 1442 3495; x_wconf 83' lang='lat'>2,</span> <span class='ocrx_word' id='word_1_152' title='bbox 1479 3415 1524 3498; x_wconf 75' lang='lat' dir='ltr'>n,</span> <span class='ocrx_word' id='word_1_153' title='bbox 1554 3417 1586 3494; x_wconf 87' lang='lat'>4</span> <span class='ocrx_word' id='word_1_154' title='bbox 1618 3411 1698 3478; x_wconf 77' lang='lat' dir='ltr'>ete</span> <span class='ocrx_word' id='word_1_155' title='bbox 1740 3398 1940 3506; x_wconf 85' lang='lat' dir='ltr'>quoniam</span> <span class='ocrx_word' id='word_1_156' title='bbox 1984 3399 2104 3486; x_wconf 88' lang='lat' dir='ltr'>enim</span> <span class='ocrx_word' id='word_1_157' title='bbox 2245 3453 2246 3468; x_wconf 40' lang='grc' dir='ltr'>ι</span> 
     </span>
    </p>
   </div>
   <div class='ocr_carea' id='block_1_14' title="bbox 780 3518 2109 4004">
    <p class='ocr_par' dir='ltr' id='par_1_14' title="bbox 780 3518 2109 4004">
     <span class='ocr_line' id='line_1_23' title="bbox 821 3518 2109 3636; baseline 0.003 -30"><span class='ocrx_word' id='word_1_158' title='bbox 821 3523 985 3636; x_wconf 87' lang='lat' dir='ltr'>primus</span> <span class='ocrx_word' id='word_1_159' title='bbox 1015 3523 1183 3631; x_wconf 88' lang='lat' dir='ltr'>quisque</span> <span class='ocrx_word' id='word_1_160' title='bbox 1214 3519 1403 3624; x_wconf 87' lang='lat' dir='ltr'>eiicitur,</span> <span class='ocrx_word' id='word_1_161' title='bbox 1451 3523 1591 3631; x_wconf 78' lang='lat' dir='ltr'>primo</span> <span class='ocrx_word' id='word_1_162' title='bbox 1621 3518 1714 3610; x_wconf 89' lang='lat' dir='ltr'>loco</span> <span class='ocrx_word' id='word_1_163' title='bbox 1755 3526 1916 3631; x_wconf 89' lang='lat' dir='ltr'>primus</span> <span class='ocrx_word' id='word_1_164' title='bbox 1945 3530 2109 3612; x_wconf 86' lang='lat' dir='ltr'>termi-</span> 
     </span>
     <span class='ocr_line' id='line_1_24' title="bbox 822 3648 2107 3768; baseline 0.004 -32"><span class='ocrx_word' id='word_1_165' title='bbox 822 3673 900 3736; x_wconf 91' lang='lat' dir='ltr'>nns</span> <span class='ocrx_word' id='word_1_166' title='bbox 920 3712 934 3758; x_wconf 88' lang='lat'>,</span> <span class='ocrx_word' id='word_1_167' title='bbox 954 3729 960 3739; x_wconf 77' lang='grc'>,</span> <span class='ocrx_word' id='word_1_168' title='bbox 983 3651 1155 3736; x_wconf 86' lang='lat' dir='ltr'>secundo</span> <span class='ocrx_word' id='word_1_169' title='bbox 1202 3648 1427 3754; x_wconf 69' lang='lat' dir='ltr'>secundus,</span> <span class='ocrx_word' id='word_1_170' title='bbox 1449 3649 1600 3744; x_wconf 64' lang='lat' dir='ltr'>„tertio</span> <span class='ocrx_word' id='word_1_171' title='bbox 1633 3650 1776 3734; x_wconf 84' lang='lat' dir='ltr'>tertius</span> <span class='ocrx_word' id='word_1_172' title='bbox 1807 3675 1849 3738; x_wconf 89' lang='lat' dir='ltr'>et</span> <span class='ocrx_word' id='word_1_173' title='bbox 1881 3653 1937 3737; x_wconf 87' lang='lat' dir='ltr'>ita</span> <span class='ocrx_word' id='word_1_174' title='bbox 1971 3680 2107 3768; x_wconf 90' lang='lat' dir='ltr'>porro</span> 
     </span>
     <span class='ocr_line' id='line_1_25' title="bbox 813 3774 2103 3892; baseline 0.005 -29"><span class='ocrx_word' id='word_1_175' title='bbox 813 3779 1019 3892; x_wconf 70' lang='lat' dir='ltr'>eicitur,</span> <span class='ocrx_word' id='word_1_176' title='bbox 1066 3780 1121 3860; x_wconf 85' lang='lat' dir='ltr'>ita</span> <span class='ocrx_word' id='word_1_177' title='bbox 1175 3793 1248 3866; x_wconf 83' lang='lat' dir='ltr'>rt.</span> <span class='ocrx_word' id='word_1_178' title='bbox 1271 3779 1423 3870; x_wconf 79' lang='lat' dir='ltr'>ultima</span> <span class='ocrx_word' id='word_1_179' title='bbox 1456 3792 1549 3864; x_wconf 85' lang='lat' dir='ltr'>notu</span> <span class='ocrx_word' id='word_1_180' title='bbox 1584 3774 1706 3862; x_wconf 81' lang='lat' dir='ltr'>simul</span> <span class='ocrx_word' id='word_1_181' title='bbox 1737 3777 1787 3865; x_wconf 87' lang='lat' dir='ltr'>fit</span> <span class='ocrx_word' id='word_1_182' title='bbox 1820 3783 2103 3872; x_wconf 84' lang='lat' dir='ltr'>terminorum</span> 
     </span>
     <span class='ocr_line' id='line_1_26' title="bbox 780 3905 1275 4004; baseline -0.016 -10"><span class='ocrx_word' id='word_1_183' title='bbox 780 3936 783 3943; x_wconf 70' lang='grc'><em>’</em></span> <span class='ocrx_word' id='word_1_184' title='bbox 821 3906 1051 4004; x_wconf 68' lang='lat' dir='ltr'>cieiiorum</span> <span class='ocrx_word' id='word_1_185' title='bbox 1087 3905 1275 3994; x_wconf 76' lang='lat' dir='ltr'>ultimus.</span> 
     </span>
    </p>
   </div>
   <div class='ocr_carea' id='block_1_15' title="bbox 820 4075 2109 4598">
    <p class='ocr_par' dir='ltr' id='par_1_15' title="bbox 820 4075 2109 4460">
     <span class='ocr_line' id='line_1_27' title="bbox 908 4075 2107 4216; baseline 0 -36"><span class='ocrx_word' id='word_1_186' title='bbox 908 4113 912 4120; x_wconf 82' lang='lat'><em>·</em></span> <span class='ocrx_word' id='word_1_187' title='bbox 966 4075 1019 4204; x_wconf 63' lang='lat'>³3¹2</span> <span class='ocrx_word' id='word_1_188' title='bbox 1051 4075 1114 4177; x_wconf 76' lang='lat' dir='ltr'>Sit</span> <span class='ocrx_word' id='word_1_189' title='bbox 1148 4088 1275 4200; x_wconf 81' lang='lat' dir='ltr'>igitur</span> <span class='ocrx_word' id='word_1_190' title='bbox 1310 4112 1547 4216; x_wconf 75' lang='lat' dir='ltr'>numerator</span> <span class='ocrx_word' id='word_1_191' title='bbox 1575 4119 1630 4180; x_wconf 75' lang='grc' dir='ltr'>ε.-</span> <span class='ocrx_word' id='word_1_192' title='bbox 1653 4124 1701 4202; x_wconf 85' lang='lat'>2,</span> <span class='ocrx_word' id='word_1_193' title='bbox 1736 4093 1789 4181; x_wconf 83' lang='lat' dir='ltr'>ita</span> <span class='ocrx_word' id='word_1_194' title='bbox 1823 4113 1872 4182; x_wconf 82' lang='lat' dir='ltr'>rt</span> <span class='ocrx_word' id='word_1_195' title='bbox 1903 4096 2107 4182; x_wconf 87' lang='lat' dir='ltr'>secundus</span> 
     </span>
     <span class='ocr_line' id='line_1_28' title="bbox 820 4221 2109 4350; baseline 0.001 -41"><span class='ocrx_word' id='word_1_196' title='bbox 820 4226 985 4340; x_wconf 85' lang='lat' dir='ltr'>quisque</span> <span class='ocrx_word' id='word_1_197' title='bbox 1018 4221 1238 4329; x_wconf 81' lang='lat' dir='ltr'>eiicirtnr,</span> <span class='ocrx_word' id='word_1_198' title='bbox 1287 4230 1351 4350; x_wconf 66' lang='lat' dir='ltr'>seu</span> <span class='ocrx_word' id='word_1_199' title='bbox 1384 4223 1530 4314; x_wconf 69' lang='lat' dir='ltr'>etauio</span> <span class='ocrx_word' id='word_1_200' title='bbox 1562 4225 1780 4310; x_wconf 89' lang='lat' dir='ltr'>secundum</span> <span class='ocrx_word' id='word_1_201' title='bbox 1815 4226 1992 4312; x_wconf 81' lang='lat' dir='ltr'>alternos</span> <span class='ocrx_word' id='word_1_202' title='bbox 2022 4227 2109 4310; x_wconf 86' lang='lat' dir='ltr'>in-</span> 
     </span>
     <span class='ocr_line' id='line_1_29' title="bbox 820 4353 2106 4460; baseline -0.001 -24"><span class='ocrx_word' id='word_1_203' title='bbox 820 4357 1042 4456; x_wconf 78' lang='lat' dir='ltr'>stituatur,</span> <span class='ocrx_word' id='word_1_204' title='bbox 1092 4373 1153 4448; x_wconf 82' lang='lat' dir='ltr'>ac·</span> <span class='ocrx_word' id='word_1_205' title='bbox 1187 4375 1264 4460; x_wconf 86' lang='lat' dir='ltr'>pro</span> <span class='ocrx_word' id='word_1_206' title='bbox 1309 4371 1498 4438; x_wconf 85' lang='lat' dir='ltr'>notarum</span> <span class='ocrx_word' id='word_1_207' title='bbox 1533 4376 1707 4447; x_wconf 84' lang='lat' dir='ltr'>numero</span> <span class='ocrx_word' id='word_1_208' title='bbox 1738 4353 1856 4450; x_wconf 82' lang='lat' dir='ltr'>series</span> <span class='ocrx_word' id='word_1_209' title='bbox 1888 4353 2106 4444; x_wconf 73' lang='lat' dir='ltr'>eiectionts</span> 
     </span>
    </p>

    <p class='ocr_par' dir='ltr' id='par_1_16' title="bbox 820 4479 1531 4598">
     <span class='ocr_line' id='line_1_30' title="bbox 820 4479 1531 4598; baseline -0.01 -25"><span class='ocrx_word' id='word_1_210' title='bbox 820 4483 881 4573; x_wconf 84' lang='lat' dir='ltr'>ita</span> <span class='ocrx_word' id='word_1_211' title='bbox 912 4489 950 4570; x_wconf 88' lang='lat' dir='ltr'>sc</span> <span class='ocrx_word' id='word_1_212' title='bbox 982 4483 1127 4580; x_wconf 77' lang='lat' dir='ltr'>nabere</span> <span class='ocrx_word' id='word_1_213' title='bbox 1161 4479 1531 4598; x_wconf 71' lang='lat' dir='ltr'>deprehenduntur</span> 
     </span>
    </p>
   </div>
   <div class='ocr_carea' id='block_1_16' title="bbox 0 0 2284 5831">
    <p class='ocr_par' dir='ltr' id='par_1_17' title="bbox 0 0 2284 5831">
     <span class='ocr_line' id='line_1_31' title="bbox 0 0 2284 5831; baseline 0 0"><span class='ocrx_word' id='word_1_214' title='bbox 0 0 2284 5831; x_wconf 95' lang='lat' dir='ltr'> </span> 
     </span>
    </p>
   </div>
   <div class='ocr_carea' id='block_1_17' title="bbox 1897 4629 2246 4740">
    <p class='ocr_par' dir='ltr' id='par_1_18' title="bbox 1897 4629 2246 4740">
     <span class='ocr_line' id='line_1_32' title="bbox 1897 4629 2246 4740; baseline 0.003 -42"><span class='ocrx_word' id='word_1_215' title='bbox 1897 4629 2113 4733; x_wconf 84' lang='lat' dir='ltr'>numerus</span> <span class='ocrx_word' id='word_1_216' title='bbox 2245 4721 2246 4740; x_wconf 9' lang='grc' dir='ltr'>ᾖ</span> 
     </span>
    </p>
   </div>
  </div>
 </body>
</html>
