4559 5834
868 501 960 603 eh
1102 632 1106 638 ⁴
1294 477 1748 598 onnoru

862 744 1168 854 quodcunque,
1199 765 1272 849 per
1303 741 1408 853 quod
1463 741 1674 827 ducamus.
1709 729 1858 826 ternos
1892 761 1985 824 axes
2038 739 2131 836 fixus

870 872 977 957 inter
1011 881 1047 955 se
1079 869 1297 969 normales,
1330 895 1505 976 quorum
1536 871 1715 980 respesiu
1751 869 1846 952 fitur
1883 868 2128 976 singulorum

864 997 1164 1083 elementorum
1203 1003 1384 1106 corporis
1418 1021 1533 1082 more
1566 998 1686 1083 solito
1722 1021 1795 1104 per
1849 1019 1976 1081 ternas
2024 1027 2129 1090 coor-

740 1218 743 1223 ,
868 1126 1021 1212 dinatus
1066 1119 1229 1230 definiri
1277 1149 1411 1234 queat.
1479 1125 1592 1212 lllud
1626 1128 1794 1236 quidem
1849 1127 2049 1234 prandium
2095 1137 2131 1220 iu

776 1359 780 1364 .
869 1257 1040 1341 trasiatu
1077 1281 1170 1340 meo
1204 1255 1247 1336 in
1282 1256 1369 1365 ipso
1395 1275 1536 1339 centro
1563 1256 1776 1361 grauitatis
1804 1259 1992 1365 corporis
2043 1284 2133 1346 eon·

870 1386 1014 1490 stituia
1064 1407 1211 1504 uerum
1247 1407 1355 1469 nunc
1389 1383 1497 1468 nihil
1545 1391 1704 1468 reserre·
1743 1384 2048 1490 obseruau,fi
2093 1393 2132 1476 iu

869 1514 952 1596 alio
982 1517 1223 1623 quocunque
1258 1512 1351 1595 loeo
1380 1513 1655 1597 constituatur.
1720 1509 1881 1596 Deinde
1908 1517 2038 1596 etiam
2071 1544 2130 1600 ne·

868 1639 966 1726 cesse
999 1667 1079 1726 non
1112 1644 1201 1740 est,
1233 1662 1280 1723 ut
1328 1644 1437 1724 terni
1485 1643 1551 1728 illi
1603 1661 1701 1722 axes
1748 1639 1828 1723 sant
1877 1640 2002 1725 fimus
2051 1667 2133 1730 axes

867 1769 1117 1882 principales
1161 1769 1380 1876 corporis,
1430 1771 1495 1855 sed
1535 1751 1702 1882 perinde
1752 1793 1800 1851 ac
1852 1769 1985 1879 ipsum
2040 1771 2132 1859 illud

866 1899 1066 2009 puncium
1104 1900 1268 2008 penitus
1294 1897 1469 1984 arbitrio
1502 1902 1804 2006 relinquuntur.
1874 1897 1926 1982 Id
1977 1918 2129 1984 tantum

866 2026 936 2110 hic
970 2028 1118 2132 uotasse
1149 2025 1339 2134 iuuabit„
1388 2027 1570 2116 calculos·
1616 2033 1825 2139 sequentes
1868 2023 2011 2112 multo
2051 2035 2130 2114 sore

866 2153 1072 2240 faciliores
1100 2172 1142 2238 et
1170 2157 1476 2264 concinniores,
1504 2157 1537 2242 sa
1569 2151 1674 2238 illud
1707 2153 1909 2264 punsrum
1959 2156 2001 2238 in
2051 2159 2136 2266 ipso

865 2302 1011 2368 centro
1038 2285 1208 2374 inertiae
1238 2283 1836 2392 accipiatur'stmulquererni
1867 2305 1961 2364 axes
1987 2285 2134 2368 suerint

866 2409 1141 2520 principales,
1166 2417 1252 2525 'pro
1281 2413 1382 2496 {latu
1415 2413 1561 2499 scilieet
1592 2412 1779 2521 corporis
1809 2409 1985 2494 initialis.
2025 2415 2132 2494 Tum

866 2563 968 2622 uero
999 2561 1054 2620 ex
1086 2540 1164 2624 illo
1191 2540 1341 2652 pnnslo
1370 2561 1565 2652 tanquam
1596 2559 1740 2623 centro.
1768 2541 1933 2652 torpatri
1964 2535 2133 2649 Sphaera

865 2666 1142 2751 circumscribi
1176 2668 1457 2772 concipiatur,
1505 2695 1602 2753 cum
1638 2669 1724 2777 ipso
1756 2691 1929 2774 corpore
1960 2665 2132 2752 firmiter

864 2795 1089 2880 cohaerens
1102 2815 1145 2877 et
1161 2819 1258 2879 cum
1279 2795 1370 2900 ipso
1383 2795 1505 2879 semul
1524 2797 1702 2902 mobilis,
1716 2797 1835 2878 cuius.
1848 2796 1987 2880 radius
2004 2799 2134 2880 unita·

864 2940 904 3007 te
922 2923 1135 3027 indicetur,
1154 2943 1202 3006 ut
1217 2921 1292 3006 hoc
1310 2927 1438 3008 modo
1467 2949 1611 3010 omnes
1635 2926 1965 3030 inuestigatioues
1992 2927 2036 3006 ad
2061 2926 2133 3007 do·

863 3046 1039 3133 &riuum
1060 3051 1305 3160 sphaericam
1330 3053 1509 3138 reuocari
1530 3072 1701 3161 queaut‚,
1715 3053 2034 3160 quandoquidem
2053 3047 2132 3134 hoc

865 3179 989 3290 pusio
1015 3204 1162 3286 ornnes
1193 3179 1346 3263 calculi
1377 3179 1515 3264 multo
1537 3179 1896 3289 faciliusexpediri
1927 3198 2136 3290 poterunt.

690 3321 777 3399 Tab.
792 3327 835 3398 11.
1017 3307 1050 3405 ξ.
1089 3335 1130 3409 4.
1168 3309 1453 3414 Repraesentat
1486 3311 1620 3414 igitur
1656 3307 1912 3414 triangulum
1959 3305 2139 3416 sphaeri-

591 3446 593 3451 '
690 3428 762 3520 Fig.
791 3446 828 3506 ³·
863 3457 960 3518 cum
994 3440 1036 3522 Α
1056 3435 1140 3523 BC
1170 3435 1376 3518 ouantem
1405 3438 1604 3545 sphaerae,
1621 3439 1736 3522 cuius
1768 3456 1913 3522 centro
1941 3437 2136 3544 adscripta

863 3565 1118 3667 intelligatur
1149 3561 1287 3650 littera
1317 3561 1375 3670 I,¹
1403 3567 1508 3648 unde
1542 3565 1675 3651 restae
1704 3565 1869 3650 edusiae
1900 3559 2033 3669 1A‚‚
2062 3561 2137 3648 IB

851 3713 906 3774 ct
937 3691 1012 3780 lC
1046 3693 1218 3776 reserant
1250 3708 1390 3773 tentos
1415 3691 1507 3778 illos
1540 3719 1634 3778 axes
1664 3692 1805 3800 fixos,
1841 3698 1918 3806 ita·
1942 3711 1996 3776 rt
2028 3715 2145 3776 arcus

859 3807 993 3924 AB,
1022 3817 1150 3922 Be„
1177 3817 1273 3904 CA
1317 3817 1399 3902 lint
1437 3821 1670 3931 quadrantes
1725 3825 1840 3905 inter
1883 3819 1926 3905 se
1971 3821 2144 3925 angulos·

858 3949 989 4032 retios
1021 3951 1076 4054 A,
1095 3945 1204 4048 B·‚,C
1234 3949 1532 4038 constituentes.
1610 3949 1729 4032 Tum
1778 3971 1883 4031 uero
1922 3949 1976 4030 ad
2013 3947 2139 4032 situm

860 4075 1118 4182 singulorum
1149 4075 1446 4158 elementorum·
1477 4080 1664 4186 corporis.
1689 4077 2040 4184 cognoscendum„
2067 4098 2139 4187 per

842 4208 1193 4308 numnis-eorum
1213 4199 1351 4285 dusius
1371 4203 1629 4310 intelligatur
1646 4207 1776 4288 radius
1797 4199 1945 4304 lZ‚,et
1960 4227 2022 4286 ex
2037 4229 2147 4315 puu-

858 4329 925 4446 rgo
942 4325 988 4416 Ζ
1001 4331 1292 4438 aganturterni
1313 4355 1426 4415 arcus
1445 4327 1489 4416 Z
1506 4341 1559 4430 A,
1574 4327 1679 4435 ZB,
1699 4331 1818 4431 ΖΕ,
1843 4330 1916 4440 qui
1938 4355 2142 4446 nocentur

787 4547 792 4555 ,
858 4450 1966 4572 ΖΑῑζ,ΖΒ;η,εῑΖΕ.-;θ.ςωιηοοίιη
2011 4461 2151 4544 srdi-

2002 4588 2155 4674 stantia
