4559 5834
814 595 823 604 ·
887 559 984 704 '³³⁶
1141 532 1228 652 uu
1269 544 1591 654 raasstouu
1636 544 1892 652 avutvu

881 797 1044 882 buntur.
1094 763 1300 880 Poutmue
1330 807 1467 876 autem
1499 791 1705 878 breuitatis
1731 787 1862 903 gratia
1911 782 2017 875 hatte
2062 777 2146 875 uim

883 922 1204 1008 accelerarricem
1261 905 1503 1060 ffizu,
1559 944 1660 1032 quae
1714 943 1815 1026 ergo
1863 942 1935 1027 per
1988 915 2144 1006 malfam

880 1069 1081 1182 cuiusque
1114 1065 1313 1177 portionis
1347 1067 1616 1179 multiplicata
1647 1067 1756 1152 dabit
1786 1065 1876 1151 rim
1915 1066 2148 1170 munirem,

880 1205 994 1284 cuius
1024 1197 1195 1282 direllio
1230 1197 1378 1306 abique
1410 1199 1454 1279 in
1484 1200 1640 1281 senium
1677 1194 1719 1280 N
1740 1191 1970 1280 BYAM
2009 1199 2141 1302 vergit.

879 1326 1073 1414 Ceterum
1105 1325 1452 1437 quemadmodum
1486 1325 1609 1409 initio
1642 1318 1762 1408 huius
1793 1320 2007 1408 motutell
2032 1347 2141 1432 q:o‚

752 1483 756 1502 ·
876 1459 934 1541 ita
969 1473 1104 1538 morus
1134 1454 1294 1538 diutius
1321 1455 1468 1537 durare
1521 1451 1692 1562 nequit,
1739 1472 1861 1562 quam
1906 1452 2031 1535 donee
2077 1449 2138 1536 fiat

877 1607 933 1671 ex
965 1581 1237 1695 alteraparte
1282 1579 1746 1689 BNzc-qzot
1794 1578 1872 1663 hoc
1922 1579 1978 1664 eli
2026 1577 2138 1668 doure

877 1712 950 1800 fiat
979 1735 1122 1820 qzc.
1876 1729 1880 1734 ’

1024 1887 1046 1988 §
1095 1892 1165 1970 16.
1210 1883 1474 1971 Admotum
1510 1881 2001 1995 igiturinueliigandum
2051 1907 2133 1969 con·

871 2009 1074 2122 eiplamus
1109 2017 1184 2098 rori
1217 2006 1305 2100 funi
1340 2016 1384 2097 in
1435 2015 1603 2120 lingulis
1645 2015 1865 2104 elementis
1916 2013 2026 2098 vites
2072 2012 2135 2097 elie

879 2138 1100 2250 applicatas
1133 2121 1291 2226 uiribus
1325 2142 1408 2227 illis
1442 2145 1681 2230 motricibus
1712 2142 1892 2252 aequales
1926 2159 2130 2225 etconrra·

870 2270 951 2352 rias
977 2333 990 2377 ‚
1021 2291 1140 2378 arque
1174 2270 1319 2358 netelle
1353 2272 1440 2374 est,
1490 2295 1538 2359 ut
1579 2294 1666 2358 tum
1702 2288 1814 2356 torus
1846 2272 1955 2357 lunis
1984 2270 2026 2353 ad
2054 2270 2125 2352 lla·

871 2411 964 2481 tum
1017 2399 1246 2507 aequilibrii
1298 2401 1550 2510 perducatur.
1650 2398 1966 2486 Confideremus
2012 2397 2125 2503 igitur

750 2567 753 2572 ·
868 2527 977 2610 lunis
1007 2527 1279 2613 elementum'
1297 2534 1565 2642 quodcunque
1597 2527 1750 2636 Yy:
1768 2530 1865 2631 ds„
1896 2527 2014 2612 cuius
2039 2549 2125 2632 ergo

868 2656 990 2739 malla
1024 2679 1183 2766 quoque
1216 2666 1295 2744 erit
1336 2659 1499 2762 :drq
1547 2676 1588 2744 et
1628 2681 1724 2745 cum
1777 2677 1916 2740 motus
1947 2654 2030 2738 eius
2070 2657 2125 2738 le-

858 2787 1050 2868 eundum
1102 2803 1333 2888 tangentem
1387 2783 1431 2868 Y
1470 2787 1855 2892 T1dirigeturer
1904 2781 2122 2868 acceleretur

866 2913 914 2994 ui
954 2915 1125 2996 morrice
1159 2910 1370 3014 zadi,
1403 2913 1441 2993 ei
1484 2914 1568 2996 uim
1617 2913 1861 2999 contrariam
1919 2911 2122 2996 stcundum
2219 2962 2221 3003 t

865 3039 1133 3124 direliionem
1188 3038 1279 3137 Yy
1332 3038 1576 3149 applicatam
1627 3041 1908 3151 concipiamus
1950 3038 2125 3122 :uda
2217 3072 2220 3147 ἱ·

717 3246 720 3256 ,
866 3162 955 3255 Vbi
994 3167 1234 3272 notandum,
1261 3169 1358 3250 dum
1393 3169 1470 3250 hoc
1504 3169 1627 3255 modo
1659 3188 1794 3253 torum
1824 3175 1955 3252 funem
1990 3167 2124 3249 secuu-
2215 3215 2218 3291 Χ-

863 3295 966 3380 dum
999 3297 1199 3380 elementa
1234 3299 1549 3407 prosequimur,
1578 3299 1841 3407 quantitatem
1872 3321 1898 3380 u
1926 3319 2001 3403 pro
2027 3317 2128 3375 con·

864 3426 988 3512 lirnte
1022 3425 1095 3508 else
1128 3423 1333 3523 habenda,
1366 3445 1575 3537 propterea
1626 3429 1733 3540 quod
1784 3421 1878 3510 haec
1925 3422 2122 3532 quantitas

861 3571 1022 3638 tantum
1057 3578 1157 3637 cum
1195 3571 1381 3660 tempore
1417 3575 1611 3663 mutatur.
1693 3553 1771 3640 liic
1811 3552 2121 3636 antemnarum

854 3707 940 3792 pro
973 3683 1114 3768 eodem
1151 3679 1351 3787 temporis
1386 3702 1601 3766 momento
1636 3687 1948 3792 perscrutamur.
2014 3677 2122 3758 Prae·

857 3827 970 3894 terea
1007 3833 1104 3893 vero
1138 3808 1187 3892 lit
1222 3807 1399 3917 pruno,
1440 3837 1563 3922 quam
1595 3810 1845 3893 elementum
1874 3803 2123 3912 ·szdt

856 3941 1009 4021 alone
1041 3939 1199 4022 sullinet
1231 3932 1448 4046 ῑΠᾰε,
1499 3963 1599 4047 quae
1646 3939 2019 4046 ergosecundum
2060 3932 2121 4014 di·

728 4045 731 4068 '
856 4065 1084 4150 reliiouem
1118 4061 1345 4150 normalem
1387 4066 1479 4152 ΥΠ
1512 4066 1707 4176 applicata
1749 4069 1806 4152 eli
1856 4061 2120 4170 intelligenda

857 4191 928 4277 Ex
962 4218 1006 4276 ea
1037 4213 1175 4278 autem
1210 4196 1342 4278 oritur
1384 4197 1519 4280 friliio
1568 4195 1809 4279 :andr
1865 4195 2024 4304 pariter
2062 4190 2115 4273 se-

845 4331 1040 4404 ‘cunnum
1073 4324 1340 4406 directionem
1379 4321 1458 4419 Yr
1490 4347 1608 4429 ageos
1631 4325 1974 4434 quandoquidem
2001 4337 2114 4403 motus

852 4449 1200 4538 diremerint
1233 4451 1286 4538 ell
1318 4452 1550 4559 contraria3
1582 4457 1687 4540 tude
1716 4470 1883 4568 praeter
1923 4453 2118 4660 cimaloco·-

1509 4622 1513 4631 ·
1845 4629 1855 4645 ·
1981 4599 2040 4667 ma
2079 4597 2118 4677 tu
