4559 5834
789 485 856 614 m*
1203 491 1635 621 &mma

942 689 2186 844 mmmfflwmmmwn‘

791 854 881 944 tiali
902 919 915 966 ,
948 860 991 946 in
1025 879 1152 967 eoque
1194 883 1269 971 pro
1312 856 1442 944 lubitu
1491 859 1659 970 accipit·
1686 859 1882 970 passione
1934 858 2066 968 quod·
2145 965 2152 974 ι

796 1007 996 1098 cunque,
1029 1009 1099 1096 per
1129 988 1236 1096 quod
1270 1009 1349 1073 tres
1399 1010 1498 1075 axes
1537 986 1752 1076 fixi-inter
1796 992 1832 1071 sc
1862 989 2066 1072 normales

792 1117 1034 1222 ducuntur,
1065 1137 1244 1226 quorum
1277 1117 1454 1228 respectu
1488 1115 1587 1205 fitus
1619 1113 1873 1227 fingulorum
1915 1113 2065 1224 corp'o·

685 1321 696 1338 .
794 1247 852 1332 ris
885 1245 1130 1358 prussorum
1167 1269 1241 1358 per
1275 1265 1402 1363 Quas
1429 1249 1680 1330 coordinatus
1712 1242 1934 1347 definitur3
1970 1263 2063 1357 tum

700 1443 705 1458 .
794 1397 896 1460 uero
927 1397 981 1458 ex
1019 1376 1165 1458 eodem
1221 1373 1374 1484 pundo
1425 1395 1616 1477 tanquam
1664 1395 1809 1460 centro
1837 1372 2063 1483 *sphaeram

795 1505 986 1614 concipit
1027 1503 1376 1612 circumscriptam
1399 1495 1530 1614 ,ipso
1568 1529 1665 1588 cum
1698 1526 1871 1611 corpore
1919 1500 2067 1590 coliae.-

644 1655 647 1662 ’
798 1649 959 1718 rentem
997 1627 1199 1739 simulque
1230 1630 1456 1732 mobilem,
1495 1656 1578 1740 quo
1614 1629 2070 1734 omacslnucsllgatio·

798 1780 867 1844 nes
898 1762 947 1846 ad
991 1759 1217 1846 dositiuam
1263 1757 1552 1870 sphaericam,
1584 1762 1625 1845 iu
1660 1761 1874 1846 subsidium
1921 1748 2069 1845 calculi

798 1885 879 1974 hoc
913 1889 1036 1974 modo
1071 1889 1230 1974 facilius
1263 1891 1661 1988 reddendi‚teuoeari
1697 1908 1861 2000 queant,
1895 1883 2069 1992 Etiamsi

798 2035 937 2102 autem
994 2036 1077 2104 tam
1131 2018 1173 2102 in
1224 2011 1364 2126 priori
1400 2013 1668 2106 dissertatione
1713 2041 1838 2128 qaam
1890 2017 1933 2100 iu
1985 2013 2071 2123 ipso

804 2144 975 2232 tradaru
1009 2145 1057 2230 de
1092 2163 1210 2232 motu
1244 2170 1467 2260 corporum
1502 2150 1731 2257 rigidarum
1759 2169 1844 2230 tam
1869 2143 2071 2254 punsium

803 2273 908 2362 illud
938 2278 981 2358 in
1015 2295 1156 2360 centro
1186 2267 1397 2379 grauitatis
1429 2300 1552 2386 quam
1606 2276 1710 2373 terni
1759 2295 1852 2360 axes
1901 2272 1974 2358 fixi
2028 2271 2073 2357 in
2163 2335 2168 2342 .

802 2402 899 2512 ipsc
928 2400 1067 2486 axibus
1098 2405 1284 2507 corporis
1319 2403 1609 2509 principalibus
1640 2403 1846 2488 constituti
1881 2399 2039 2486 fuissent
2055 2390 2090 2480 c*

804 2549 943 2616 tamen
979 2525 1046 2610 hic
1082 2523 1188 2611 nihil
1220 2531 1366 2615 rescrre
1388 2531 1641 2641 obseruator,
1673 2527 1702 2610 sr
1737 2529 1877 2623 omnia
1912 2526 1954 2609 in
1987 2525 2074 2634 alip

798 2659 902 2742 loco
935 2671 1177 2764 quoeunque
1210 2677 1285 2762 pro
1320 2656 1489 2741 arbitrio
1520 2657 1783 2765 accipiantur.
1853 2655 1930 2757 llis
1961 2677 2074 2762 praes

803 2781 936 2888 miffis
966 2805 1018 2868 ex
1054 2781 1362 2886 trigonomettia
1397 2781 1596 2892 sphaerica
1630 2786 1747 2872 slatus
1774 2785 1958 2894 corporis
1991 2782 2075 2870 ini·

800 2911 924 3000 tialit
953 2907 1178 3012 definitum
1229 2928 1319 2997 tam
1350 2935 1450 2998 uero
1485 2935 1551 2998 cx
1600 2913 1916 3004 consideratione
1967 2910 2077 3030 cluse

791 3041 918 3156 ¹modi
956 3038 1090 3136 radii,
1122 3038 1239 3122 cuius
1270 3039 1438 3124 dirediio
1468 3041 1508 3126 in
1561 3064 1737 3152 vtroque
1786 3036 1888 3125 slata
1933 3043 2072 3149 eadem

804 3169 878 3276 esi,
911 3171 1209 3254 determinatur
1243 3167 1361 3254 ssatus
1389 3171 1590 3278 corporis,
1624 3174 1665 3254 in
1700 3191 1783 3277 quo
1812 3167 1944 3278 elapso
1965 3188 2074 3250 tem·

803 3314 944 3410 porer
979 3299 1201 3405 reperitur,
1221 3295 1323 3380 unde
1356 3297 1530 3382 diuersae
1565 3305 1764 3413 prodeunt
1796 3297 2076 3403 expressiones,

803 3423 1034 3536 exquibus
1067 3425 1253 3535 deinceps
1285 3424 1483 3522 sormolae
1525 3428 1728 3534 generales
1774 3453 1850 3536 pro
1899 3425 2076 3508 transla-

800 3554 919 3652 cione
965 3574 1204 3662 quacunque
1253 3555 1491 3646 formantur.
1572 3555 1755 3670 Quibus
1779 3552 1975 3666 exposuit
2003 3551 2072 3643 111.

792 3679 973 3766 Ardor
1009 3678 1231 3800 nonnullos
1264 3680 1359 3770 situs
1394 3685 1631 3793 principales
1672 3682 1812 3795 potissi
1862 3683 2072 3779 cuiusdam

800 3809 1054 3913 considerat,
1096 3833 1150 3894 cx
1203 3835 1289 3916 qua.
1329 3812 1637 3898 consideratione
1680 3833 1836 3900 nouem
1878 3807 2076 3897 oriuntur

808 3937 1075 4046 expulsiones
1107 3937 1292 4048 speciales
1325 3943 1627 4048 translationem
1664 3939 1787 4031 lasus
1827 3941 1970 4048 pausis
1998 3943 2074 4024 der

796 4086 1102 4170 .termmantcs;
1153 4090 1252 4174 quue
1308 4068 1401 4152 idco
1431 4070 1550 4152 omni
1573 4077 1812 4158 attentione
1866 4069 1965 4169 sunt·
2008 4070 2073 4152 ni·

794 4203 936 4302 ignee,
969 4215 1023 4304 qu
1044 4198 1077 4278 nl
1108 4217 1161 4276 ex
1195 4196 1244 4306 iis
1284 4195 1482 4284 formulae
1528 4200 1733 4307 generales
1753 4220 1859 4306 ··pto
1897 4195 2074 4286 transise

793 4326 916 4409 ‚sione
948 4343 1187 4433 quacunque
1222 4324 1453 4409 nitidissime
1484 4349 1826 4438 componuntut3
1876 4347 1983 4430 quael
2010 4325 2078 4443 in·

808 4447 930 4554 signis
963 4450 1260 4563 proprietario
1296 4451 1553 4543 theoremate
1586 4456 1780 4567 peculiari
1813 4451 2088 4560 generaliffif.

1471 4612 1474 4617 ⁴
1997 4605 2071 4667 mo
2146 4615 2159 4628 ‘
