4559 5834
881 613 976 699 332
1149 487 1591 681 numeramur
1627 559 1874 659 rvutvu

1335 797 1720 919 Solutio.·

1046 999 1082 1100 §-
1119 1013 1158 1090 8.
1199 992 1486 1111 Supponamuu
1523 999 1642 1085 ambo
1693 998 1869 1112 pondera
1918 995 1968 1085 M
2000 1017 2041 1086 et
2068 1002 2129 1110 tt,

874 1131 940 1220 seu
974 1122 1114 1244 'potrus
1150 1154 1256 1212 vrret
1294 1133 1432 1213 sunem
1472 1135 1513 1211 in
1549 1149 1722 1238 utroque
1754 1131 1936 1213 termino
1989 1134 2124 1216 teuder-

821 1321 829 1351 Ι
876 1277 936 1346 tes
971 1279 1183 1369 tantopere
1217 1262 1322 1342 inter
1353 1265 1391 1344 se
1421 1260 1750 1380 discreputegvt
1782 1256 1813 1341 fi
1853 1263 1916 1340 vis
1948 1257 2126 1343 matorM

878 1387 1093 1471 tautallum
1130 1408 1342 1490 augeretur
1373 1391 1478 1472 runis
1511 1387 1554 1470 in
1589 1388 1692 1472 hauc
1725 1406 1882 1495 partem
1916 1391 2052 1471 cedere
2076 1391 2126 1472 iu·
2216 1394 2217 1473 t

876 1519 1062 1626 ciperet,
1095 1515 1150 1594 ita
1190 1533 1233 1597 vt
1266 1517 1343 1597 hoc
1384 1518 1482 1600 statu
1532 1517 1671 1600 frictio
1719 1540 1811 1620 vam
1862 1516 1974 1597 suam
2022 1535 2124 1600 totam
2216 1484 2217 1539 Ν

877 1663 1029 1726 exerat.
1096 1640 1186 1724 lam
1223 1666 1423 1749 ponamus
1456 1641 1679 1728 tenfionem
1713 1643 1757 1726 in
1790 1645 1895 1726 funis
1930 1640 2127 1751 puuctuY

878 1763 951 1848 effe
985 1790 1038 1835 :t
1068 1769 1138 1853 T,
1168 1794 1293 1860 quam
1329 1773 1465 1842 versus
1502 1777 1538 1844 Α
1589 1773 1789 1850 direstam
1843 1775 2127 1875 concipiamus3

876 1910 977 1972 rum
1014 1907 1113 1968 vero
1148 1882 1364 1964 statuamus
1402 1888 1637 1988 pteffiouem
1670 1909 1795 1991 quarn
1839 1881 2128 2004 cylindri‘ele.

878 2031 1068 2098 mentum
1107 2006 1151 2092 Y
1156 2038 1195 2116 y
1212 1990 1309 2091 :‘d
1320 2039 1342 2094 s
1375 2035 1397 2092 a
1430 2017 1522 2097 tutte
1557 2015 1718 2097 sussiuet
1753 2011 1913 2095 :nd
1925 2035 1962 2110 s,
1979 2031 2018 2096 et
2048 2016 2128 2126 quir

877 2139 1016 2225 sritstm
1051 2139 1197 2245 ubique
1228 2156 1362 2222 certae
1397 2149 1501 2248 parti
1537 2141 1741 2249 pteffionis
1772 2142 1935 2247 aequari
1960 2149 2128 2249 censetur,

878 2266 929 2351 fit
961 2296 1006 2354 ea
1040 2262 1240 2350 :qu
1256 2290 1312 2369 r,
1352 2289 1453 2367 quae
1483 2291 1583 2374 ergo
1616 2268 1838 2353 secuudum
1887 2269 2127 2354 ditectionem

880 2393 925 2481 Y
930 2423 965 2500 y
1000 2398 1074 2481 sese
1110 2395 1247 2475 mutui
1283 2393 1450 2477 iamiam
1497 2399 1723 2502 generando
1754 2416 1969 2501 opponet,
1996 2400 2045 2480 ita
2089 2417 2128 2484 rt

882 2547 992 2611 nunc
1031 2523 1247 2608 habeamur
1282 2529 1372 2605 aim
1417 2525 1704 2618 tanaenttalem
1756 2525 1798 2607 Θ
1816 2521 1883 2607 ds
1903 2553 1953 2610 .·:
1975 2526 2128 2611 andr.

880 2649 993 2736 Cum
1029 2651 1161 2751 igitur
1194 2654 1300 2732 funis
1332 2651 1383 2731 ob
1417 2651 1715 2736 reattionema
1768 2651 1965 2755 cyltudro
2007 2677 2131 2762 urgea-

881 2793 950 2860 tur
985 2777 1027 2859 iu
1060 2771 1283 2859 direetione
1317 2777 1494 2863 normali
1530 2779 1632 2863 ΥΠ
1668 2761 1969 2882 utenda,
2002 2785 2132 2870 ueresse

879 2902 934 3010 est
968 2923 1015 2989 ut
1045 2901 1163 2986 funis·
1185 2901 1233 2986 ab
1263 2902 1329 2988 his
1361 2905 1516 2990 uirtbus
1548 2910 1591 2990 iu
1625 2906 1865 3018 aequiltbrto
1898 2927 2080 2998 teneatur.
2218 2920 2220 2959 ¹

1032 3101 1065 3198 a.
1105 3124 1145 3200 9.
1178 3100 1299 3210 Quod
1334 3099 1364 3183 fi
1400 3103 1528 3204 igitur
1562 3105 1723 3187 radium
1756 3106 1882 3188 osculi
1910 3123 2051 3188 curuae
2090 3100 2137 3185 iu

880 3221 1034 3336 pundo
1068 3224 1111 3310 Y
1145 3228 1362 3310 statuamus
1394 3251 1512 3332 :r‚
1547 3255 1697 3338 perca
1751 3255 1851 3341 quae
1901 3232 1943 3315 in
1982 3252 2138 3337 praece-

878 3356 997 3437 dente
1032 3353 1289 3441 theoremate
1339 3357 1430 3439 suut
1476 3359 1782 3464 demonstrata,
1834 3361 1886 3445 ub
1937 3359 2140 3444 ΘΞλΠ
2218 3402 2219 3451 t

879 3477 1114 3566 habebimus
1151 3481 1222 3566 has
1252 3487 1354 3567 duas
1385 3488 1667 3590 aequationea:

941 3623 973 3710 Ι.
1009 3627 1238 3728 Tzur.
1302 3628 1801 3720 lanz-ands.

722 3887 725 3896 ,
878 3795 1131 3884 Diuidamus
1164 3822 1271 3881 nuuc
1309 3778 1570 3906 posteriorem
1606 3784 1673 3912 pet
1713 3806 1899 3916 priorem
1951 3825 2002 3891 ut
2055 3811 2143 3888 utu*

877 3927 1077 4010 ciscamur
1112 3925 1214 4012 hanc
1247 3946 1524 4035 requatmnem
1542 3956 1554 4010 t
1585 3917 1636 4059 ἕξ
1654 3963 1705 4020 ::
1723 3971 1764 3990 -
1779 3916 1888 4056 ἓξςὶ
1961 3933 2026 4018 Sit
2046 3955 2145 4014 nuuc

877 4065 1131 4159 rem-ro·
1152 4068 1200 4154 ad
1231 4093 1400 4155 curuum
1443 4080 1653 4191 normalis,
1684 4103 1784 4189 quae
1815 4101 1924 4162 cum
1960 4105 2038 4168 axe
2071 4075 2147 4162 AO

878 4204 996 4286 faciat
1046 4196 1247 4304 angulum
1300 4193 1633 4311 AOqut,
1681 4208 1753 4315 qui
1801 4226 1910 4310 ergo
1965 4197 2142 4317 amputa

875 4333 1013 4412 dinem
1048 4347 1166 4410 arcus
1197 4321 1242 4406 A
1264 4323 1306 4408 Y
1343 4333 1570 4435 metieturt
1605 4338 1710 4418 vnde
1746 4334 1777 4418 st
1810 4333 1905 4420 YR
1948 4335 2002 4419 stt
2030 4338 2148 4416 radus

875 4456 1005 4546 osculi
1020 4451 1087 4542 :r
1111 4470 1153 4540 tt
1172 4454 1341 4540 ducatur
1359 4455 1463 4542 reeta
1484 4463 1586 4571 yR,
1600 4465 1680 4548 erit
1695 4461 1866 4572 angulus
1885 4450 2156 4572 ΑΨΦΗΦ

1070 4653 1075 4658 -
1996 4593 2157 4703 tumque

1580 4876 1591 4922 t
