4559 5834
461 578 1072 681 CONTINV'IS.
1393 614 1443 693 15

181 838 358 924 rantur,
399 819 700 934 progrediendo
728 820 777 901 ab
811 818 1001 903 srnbiione
1030 814 1354 920 uni-membri,
1402 821 1452 935 tri

183 954 416 1040 tractionem
451 952 748 1045 bimembrem,
797 950 1120 1048 trimembrem,
1170 952 1452 1058 quadrimem-

185 1084 284 1169 brem
319 1102 396 1164 etc
427 1083 617 1163 oriuntur
648 1072 859 1165 sueceffiue
906 1103 985 1193 pro
1034 1094 1209 1185 utroque
1256 1074 1456 1188 exemplo

185 1212 391 1326 sequentes
411 1209 583 1293 termini

260 1388 368 1450 —1
384 1390 512 1448 -oo,
530 1392 629 1451 0.-
590 1381 691 1441 -1
712 1402 752 1430 .-
775 1376 1044 1449 00.0-ete.
1079 1362 1120 1447 in
1152 1364 1240 1447 cuin
1273 1357 1411 1471 priore

179 1531 294 1624 atque

280 1690 318 1748 r
337 1660 403 1764 ψ’
424 1694 487 1752 00
512 1685 555 1750 o.
581 1694 616 1777 ς.
637 1679 701 1762 -i-
721 1664 784 1751 όο.
806 1690 848 1751 0
864 1686 941 1751 ete.
975 1668 1019 1751 in
1052 1668 1141 1751 casu
1174 1661 1396 1776 posteriore

175 1840 290 1947 utque
319 1814 394 1906 hae
425 1817 565 1905 umbre
598 1826 713 1905 series
745 1815 841 1904 fic
828 1845 869 1901 rn
913 1820 1126 1907 infinitum
1179 1817 1455 1925 progredinn·

176 1968 247 2031 tur
298 1972 371 2057 pro
418 1946 586 2052 finguiis
626 1950 742 2033 trinis
775 1952 960 2032 terminis
989 1948 1337 2059 iubiequenribus‚
1377 1964 1458 2027 neu

170 2079 349 2204 adeoque
381 2077 462 2179 ad
463 2076 645 2161 valorem
681 2075 816 2159 fixum
847 2100 1092 2182 conuergere
1133 2076 1323 2185 possunt,
1374 2096 1454 2153 un·

166 2206 217 2285 de
253 2230 334 2287 non
372 2206 531 2299 mirum
566 2206 781 2293 inuentum
834 2204 1022 2291 valorem
1065 2206 1199 2289 radice
1245 2200 1458 2304 imagine

163 2332 222 2415 rin
257 2332 458 2443 exprimi.

281 2555 344 2638 In
381 2557 470 2663 ipso
504 2555 643 2639 limite
685 2559 792 2641 inter
825 2574 1050 2663 utrumque
1081 2556 1262 2653 statum,
1295 2548 1362 2631 ubi
1387 2552 1461 2639 sci·

155 2682 250 2767 iicet
297 2682 356 2761 eii
389 2706 489 2765 n:
515 2701 613 2761 ret
643 2706 748 2762 m:
770 2706 816 2780 2,
851 2682 1044 2757 resultans
1075 2682 1192 2758 series
1242 2676 1451 2761 termino-
1545 2696 1548 2703 ·

152 2832 256 2893 rum
300 2806 379 2913 iun
407 2807 565 2913 speeie
577 2805 730 2913 aliquid
780 2805 1045 2888 intermedii
1063 2802 1213 2901 habet,
1266 2803 1450 2941 quandu-

154 2932 337 3047 qui'dem
372 2960 450 3043 pro
480 2934 678 3042 exemplo
710 2937 824 3016 iexto
854 2933 1067 3015 inuenitur
1097 2930 1213 3017 ieries

266 3088 417 3176 -2-
490 3084 695 3186 -}.-},
717 3127 758 3145 ·-
775 3086 958 3176 ⁵.·-etc.

152 3285 262 3374 quae
303 3258 445 3343 endem
482 3281 580 3342 cum
615 3259 735 3367 {ignis
753 3254 1011 3347 affirmatiuis
1031 3255 1139 3345 ualet
1158 3277 1231 3371 pro
1254 3256 1452 3368 exemplo

149 3392 359 3500 septimo,
376 3411 552 3496 Quaeque
567 3390 731 3497 proprie
751 3414 830 3471 non
854 3392 1048 3497 pertinet,
1066 3390 1150 3471 fine
1170 3406 1446 3472 numeratores

149 3518 236 3603 fine
256 3516 590 3600 denominatores
607 3517 863 3623 speerentur,
888 3522 935 3600 ud
955 3536 1230 3605 recurrentes:
1265 3536 1459 3631 attamen¹

148 3668 339 3753 vterque
378 3647 653 3727 terminorum
686 3652 789 3729 ordo
823 3642 897 3727 hac
931 3648 1082 3753 gaudet
1113 3646 1447 3754 proprietaterut

144 3779 292 3885 qninis
361 3774 562 3856 terminus
610 3771 860 3881 compositus
912 3775 959 3859 srt
1003 3798 1055 3856 ex
1099 3772 1229 3883 duplo
1264 3776 1448 3857 termino

141 3906 428 4013 praecedente
455 3902 602 3983 demto
650 3922 740 3983 unte
760 3945 783 3959 -
804 3909 1069 4013 praecedente.
1159 3902 1445 3988 liemoniiraui

140 4050 296 4113 antem
337 4030 388 4109 in
424 4030 624 4114 ueteribus
642 4027 983 4134 Commentariis,
1016 4028 1140 4113 fimiii
1164 4025 1289 4111 titulo
1304 4051 1448 4113 omnes

137 4162 304 4261 serien,
343 4179 452 4273 qnae
486 4159 720 4261 dicuntur,
749 4156 1023 4264 bigemmem,
1075 4158 1278 4269 pertinere
1310 4164 1449 4260 adde·

137 4290 221 4371 ries
257 4304 576 4371 recurrentes..
634 4282 703 4369 Ex
735 4308 1054 4395 praememorata
1089 4292 1189 4369 ierie
1242 4284 1448 4367 termino·

138 4440 235 4497 rum
281 4438 367 4524 per
405 4412 744 4525 reliquentem
779 4414 1004 4501 terminum
1040 4406 1353 4498 infinitesrmum
1382 4438 1446 4497 ne·
1474 4498 1479 4505 ,

139 4546 322 4654 qualem
361 4544 519 4631 vnitati
548 4543 630 4630 siue
663 4546 850 4653 negutiue
881 4541 963 4633 bue
995 4544 1245 4636 affirmarim
1274 4542 1447 4648 sumne,

1239 4688 1444 4784 prout
