4559 5834
248 516 704 621 mareonoann
736 432 1252 615 arcrtsmronvn.
1297 509 1390 634 aaa·
1453 431 1481 483 ⁸
1652 596 1658 617 ,

138 751 223 870 gulo
253 758 294 847 Α
314 752 405 845 BC
436 748 606 865 angulus
637 750 675 839 B
706 774 759 838 ex
790 748 983 839 lateribus
1015 752 1054 837 Α
1075 750 1130 859 Β,
1162 746 1263 857 BC,
1297 746 1394 839 AC

137 890 207 975 itm
262 884 436 997 perfecie
482 880 818 984 determinatur,
872 878 954 991 pro‘
998 881 1207 990 triangulo
1253 900 1394 967 antem

136 1006 281 1105 acD
318 1017 561 1097 alterutrum
596 1007 772 1093 laterum
804 1006 923 1117 CD,
956 1010 1059 1095 Dn
1091 1034 1147 1095 ex
1189 1005 1395 1119 diagonali
1470 1004 1472 1011 ’

136 1141 222 1231 AC
252 1158 296 1227 et
328 1137 458 1221 altero
487 1134 645 1237 latere,
679 1138 849 1221 minime
883 1136 1191 1224 determinatur.

272 1291 347 1352 αι.
382 1258 587 1347 Ponamus
620 1289 697 1377 pro
724 1262 998 1375 quadrilatera
1032 1262 1259 1365 ABCD,
1291 1258 1395 1350 late·

134 1421 171 1482 ra
196 1410 242 1480 rt
277 1412 371 1477 ante
420 1390 627 1500 indigitati
674 1394 854 1495 litteris,
898 1418 943 1502 a,
973 1392 1017 1503 b,
1046 1423 1086 1500 r,
1113 1392 1172 1499 d,
1222 1390 1397 1501 angulos

134 1523 270 1613 litteris
300 1525 358 1629 A,
389 1517 443 1619 B,
474 1518 526 1623 C,
556 1518 625 1627 D,
655 1521 910 1629 diagonalem
945 1520 1040 1611 AC
1072 1522 1265 1609 litterae
1310 1540 1401 1609 ex-

133 1652 280 1768 primi,
303 1643 473 1757 angulos
505 1673 608 1735 uero
640 1648 729 1737 BC
748 1650 815 1753 D,
849 1652 888 1737 A
907 1648 943 1737 C
961 1647 1006 1731 D
1038 1676 1112 1762 per
1145 1647 1302 1737 litteras
1337 1674 1399 1763 γ,
1546 1708 1552 1717 ,

138 1772 199 1895 γ’.
257 1775 297 1863 Si
331 1780 466 1887 itaque
495 1779 739 1891 quaerendae
770 1779 849 1863 stnt
881 1780 1127 1887 solutiones,
1177 1800 1278 1890 quas
1308 1774 1397 1860 dia·

136 1902 332 2015 gonalise
378 1901 448 1989 uel
498 1906 638 2015 anguli
695 1932 754 2019 γ,
786 1900 842 2017 ’γ’
892 1904 1215 2017 ingrediuntur,
1262 1902 1398 1991 statim

133 2048 232 2144 patet
260 2032 352 2117 bina
391 2055 533 2119 earum
584 2058 733 2143 genera
785 2035 976 2121 constitui
1027 2034 1166 2147 posse,
1214 2053 1398 2148 quorum
1561 2056 1586 2141 f
1667 2049 1671 2058 ·
1828 2028 1838 2039 '

134 2159 237 2272 prius
269 2159 455 2245 continet
485 2184 549 2247 eas
577 2165 840 2268 solutiones,
882 2187 980 2275 quas
1011 2160 1238 2271 diagonalis
1267 2186 1290 2247 e
1329 2163 1402 2244 in·
1491 2160 1498 2171 '

133 2288 337 2394 graditur,
370 2290 570 2399 posterius
601 2290 691 2375 illas
723 2293 767 2375 in
799 2292 943 2403 quibus
976 2317 1058 2376 non
1094 2290 1262 2401 quidem
1301 2282 1401 2369 haee

132 2412 381 2521 diagonalis,
426 2420 491 2499 sed
528 2436 666 2499 tamen
715 2416 789 2499 uel
836 2415 1040 2524 uterque,
1086 2414 1155 2499 uel
1205 2411 1401 2496 alteruter

131 2540 377 2647 angulorum
409 2567 468 2654 γ,
500 2534 554 2654 γ’
585 2542 801 2650 reperitur.
875 2541 958 2625 Pro
988 2540 1119 2652 priori
1151 2560 1294 2644 genere
1323 2536 1402 2621 ob·

128 2669 368 2752 seruandum
401 2668 486 2771 est,
517 2670 717 2781 angulum
748 2665 796 2747 A
828 2668 987 2781 semper
1015 2686 1098 2746 una
1126 2684 1226 2745 eum
1256 2662 1401 2765 diago-

129 2796 214 2878 nali
243 2791 519 2878 in‘solutione
548 2793 672 2877 adesse
702 2791 874 2899 debere,
919 2813 1050 2904 quum
1082 2788 1196 2876 enim
1230 2787 1398 2877 solutio·

128 2948 222 3007 nem
252 2924 321 3006 sex
351 2920 527 3008 omnino
558 2938 689 3030 partos
723 2920 1032 3027 ingrediantur,
1062 2937 1106 3004 et
1136 2941 1280 3006 earum
1302 2936 1403 3028 par·⁴

130 3050 241 3165 tium
270 3070 371 3157 quae
405 3050 454 3131 ad
494 3048 697 3156 triangula
739 3056 777 3133 A
798 3042 911 3149 BC,
958 3046 998 3130 A
1017 3044 1116 3135 CD
1164 3049 1403 3157 pertinent,

130 3200 214 3262 non
245 3174 316 3259 nist
348 3194 430 3260 tres
468 3200 677 3263 occurrere
727 3175 905 3287 poffint,
954 3198 1129 3293 quatum
1180 3175 1264 3258 iam
1317 3195 1403 3257 una

123 3300 304 3386 habetur
330 3300 552 3411 diagonalis
582 3304 680 3391 AC
696 3306 879 3415 ,utrique
913 3302 1119 3413 triangulo
1147 3300 1416 3419 communis,

129 3427 379 3537 intelligitur
411 3453 574 3544 praeter
605 3433 706 3523 hane
741 3454 900 3545 partem
947 3435 1061 3519 binas
1112 3449 1274 3516 tantum
1322 3453 1402 3515 oc-

130 3582 294 3644 currere
323 3562 461 3669 posse,
511 3564 559 3646 ad
590 3563 908 3671 unumquodque
955 3558 1213 3670 triangulum
1264 3560 1403 3670 perti-

127 3706 304 3790 nentes;
335 3712 462 3801 quare
495 3692 696 3776 necessum
728 3688 784 3773 eli
816 3709 872 3775 ut·
897 3691 1035 3776 saltem
1067 3694 1173 3776 sexta
1208 3712 1299 3801 pars
1334 3710 1403 3772 re·

128 3815 346 3927 periatur,
393 3838 493 3928 quae
544 3818 594 3902 ad
628 3837 834 3903 ‘neutrum
889 3816 1043 3905 horum
1098 3817 1405 3923 triangulorum

123 3944 371 4055 pertineat,
419 3947 650 4033 cuiusmodi
696 3948 753 4033 esi
800 3945 974 4054 angulus
1025 3942 1072 4029 A
1103 3941 1173 4033 nel
1205 3943 1279 4037 C„
1321 3943 1403 4029 Pro
1525 3949 1530 3958 “

123 4074 341 4185 posteriori
375 4088 515 4159 antem
544 4096 724 4183 genere,
772 4098 856 4159 non
880 4076 1049 4184 uidetur
1078 4070 1181 4161 hane
1213 4070 1404 4183 regulam

123 4202 202 4285 esse
238 4198 547 4308 stabiliendam,
597 4223 647 4290 nt
678 4199 858 4311 angulus
883 4202 931 4288 A
963 4203 1107 4292 nelC
1157 4205 1404 4290 solutionem
1451 4188 1459 4197 ’

122 4334 291 4441 semper
323 4333 608 4440 ingrediatur,
658 4330 713 4417 fic
747 4328 908 4419 nullum
942 4334 1107 4447 quidem
1139 4332 1195 4417 eli
1231 4329 1404 4421 dubium

121 4460 238 4547 inter
288 4454 362 4547 has
409 4462 478 4550 sex
518 4468 717 4578 partera,
747 4456 788 4564 b,
816 4486 856 4567 e,
884 4460 925 4573 d,
956 4491 1016 4581 γ,
1044 4462 1091 4552 D
1121 4460 1405 4571 aequationem

622 4634 632 4642 ·
771 4586 873 4675 02
1284 4588 1404 4680 innee
