4559 5834
884 524 973 624 106
1138 494 1245 611 ors
1293 504 1879 619 nasouvrroua
1966 644 1974 661 Ι

843 723 1097 845 lcaererum
1130 770 1208 858 pro
1239 740 1321 828 hoc·
1352 742 1441 829 raso
1473 738 1575 826 tradi
1607 738 1775 853 quidem
1810 732 1937 849 poll'et
1975 736 2149 836 formula

881 881 1068 967 valorem
1098 872 1224 984 ipfius
1256 856 1622 984 Tang.;(A-7·C)
1660 865 1886 973 exhibens,
1936 890 2041 982 quae
2093 891 2150 961 ta.

882 1027 983 1097 men
1016 1000 1310 1119 complicatior
1341 1003 1416 1112 eli,
1450 1024 1573 1113 quam
1607 1014 1656 1083 ut
1687 994 1777 1081 heic
1812 997 1916 1083 tradi
1940 1014 2154 1103 mereatur.

1040 1200 1114 1263 20.
1147 1174 1207 1257 Vt
1242 1195 1289 1257 ea
1328 1166 1477 1255 melius
1508 1160 1819 1271 intelligantur,
1847 1186 1950 1275 quae
1981 1165 2021 1251 in
2042 1167 2150 1279 prio·

823 1318 829 1329 ·
885 1292 944 1385 ris
973 1294 1279 1386 Dillertationis
1307 1300 1341 1403 §.
1379 1310 1449 1384 26.
1486 1286 1725 1379 monuimus
1762 1292 1811 1375 de
1851 1298 2150 1383 enumeratione
2214 1339 2219 1350 ·

884 1426 1143 1515 solutionum
1178 1428 1414 1535 Polygoni‚
1445 1446 1543 1533 quae
1575 1422 1716 1507 locum
1750 1418 1931 1525 habent,
1964 1422 1994 1508 ii
2025 1427 2153 1536 respi-

885 1556 1020 1638 ciatur
1052 1563 1101 1645 ad
1133 1559 1219 1643 eius
1248 1557 1478 1665 diagonales
1509 1570 1551 1634 et
1581 1542 2152 1656 angulosdiagonaliumcum

885 1679 1083 1769 lateribus
1115 1684 1346 1792 Polygoni5
1381 1710 1456 1793 pro
1488 1680 1726 1788 Tetrogooo
1755 1679 1904 1763 adferte
1938 1682 2067 1789 placet
2085 1706 2150 1767 ex·

758 1858 766 1866 ·
885 1809 1131 1922 politionem
1163 1838 1307 1898 eurum
1342 1811 1631 1913 solutionum,
1674 1829 1773 1918 quas
1803 1824 1961 1918 praeter
1993 1810 2153 1921 angulos

887 1958 931 2021 et
963 1938 1088 2027 latera
1120 1942 1418 2055 quadrilateri,
1465 1936 1687 2046 diagonalis
1717 1940 1913 2043 quaedam
1956 1938 2038 2021 eius
2092 1935 2152 2025 uel

889 2068 1034 2175 anguli
1071 2071 1195 2155 huius
1222 2066 1447 2177 diagonalis
1480 2090 1588 2165 curn,
1611 2064 1825 2167 lateribus,
1845 2066 2150 2179 ingrediuntur.
2232 2085 2233 2173 l

733 2272 741 2283 ,
875 2184 1125 2307 'Antequam
1159 2198 1396 2286 teroham
1429 2195 1783 2280 enumerationem
1819 2199 1977 2276 tradere
2011 2192 2152 2299 liceat,
2233 2290 2234 2320 q

887 2324 1077 2433 primum
1111 2332 1311 2435 sequentes
1343 2324 1505 2431 regulae
1536 2322 1736 2431 generales
1769 2322 1910 2437 quibus
1942 2324 2153 2441 fundatur,

887 2469 1015 2535 eruut
1047 2454 1379 2564 praemittendae.

1007 2620 1043 2706 Ι.
1078 2621 1128 2707 lo
1159 2646 1396 2736 quacunque
1429 2625 1627 2715 solutione
1658 2622 1860 2737 Polygoni
1894 2627 1975 2715 duo
2007 2626 2056 2713 ad
2077 2624 2156 2713 mi·
2235 2695 2236 2758 q

889 2744 1058 2832 nimum
1091 2752 1268 2839 inueniri
1300 2758 1442 2844 debent
1475 2757 1629 2865 lineae,
1661 2758 1861 2871 quantitas
1891 2757 2012 2853 enim,
2034 2756 2160 2843 linea·
2235 2762 2236 2785 ³

891 2898 993 2964 rum
1023 2898 1077 2965 ex
1110 2884 1234 2967 meris
1265 2881 1425 2992 angulis
1455 2883 1716 2972 determinari
1750 2884 1902 3000 nequit
1962 2916 1968 2923 ·
2236 2899 2237 2987 l

1007 3050 1062 3140 11.
1094 3054 1293 3145 inomni
1331 3054 1529 3147 solutione
1561 3060 1799 3172 Polygo‘oi,
1839 3063 1940 3147 dum
1975 3084 2046 3174 per
2077 3058 2163 3145 dia·

790 3252 794 3257 ,
892 3178 1056 3289 gooules
1085 3185 1128 3271 io
1163 3189 1366 3296 triangula
1398 3190 1626 3303 concipitur
1660 3192 1880 3279 resolutum
1900 3250 1925 3293 ,,
1948 3214 2030 3276 non
2064 3187 2162 3298 plu-

841 3402 851 3422 ⁸
892 3331 960 3394 res
1007 3333 1133 3421 quam
1190 3335 1268 3401 tres
1315 3341 1529 3403 occurrere
1578 3320 1718 3407 debent
1763 3338 1895 3431 partes
1935 3316 1984 3400 ad
2030 3340 2162 3401 unum

891 3437 1088 3549 idemque
1118 3440 1377 3551 triangulum
1411 3444 1684 3556 pertinentem
1733 3468 1828 3530 nam
1862 3442 1893 3529 li
1925 3442 2064 3554 plures
2101 3468 2165 3529 oc⁴

893 3587 1107 3654 currerent
1137 3573 1200 3657 uti
1230 3592 1428 3682 quatuor,
1453 3594 1594 3681 quarta
1627 3570 1697 3658 illa
1733 3596 1822 3685 pars
1851 3594 1903 3656 ex
1941 3572 2073 3655 tribus
2105 3595 2165 3653 re·

890 3692 1015 3808 liquis
1046 3700 1132 3785 iam
1158 3700 1427 3804 ,determinari
1459 3702 1646 3786 cetrl'euda
1678 3700 1765 3806 est,
1800 3702 1967 3809 ideoque
2002 3696 2169 3787 exclusa

890 3818 972 3911 har
999 3846 1148 3935 parte,
1195 3831 1238 3912 in
1269 3829 1470 3917 solutione
1505 3850 1567 3915 tut
1598 3854 1682 3914 non
1714 3830 1994 3939 reperirentur
2025 3850 2171 3936 quan·

719 4000 730 4009 κ
788 4014 792 4019 -
895 3952 1063 4061 titates,
1113 3978 1215 4065 quae
1261 3958 1308 4041 ad
1343 3956 1602 4064 Polygonum
1634 3956 1992 4044 determinandum
2026 3954 2169 4064 requi·

716 4090 805 4169 Tib.
830 4094 860 4167 1.
894 4102 1056 4170 runtur.
1138 4082 1205 4170 Sic
1254 4082 1285 4169 fi
1330 4083 1691 4197 ioquadrilatero
1741 4081 1953 4172 ABCD
1991 4102 2173 4193 ponatur

717 4199 793 4292 lug.
818 4218 856 4283 ⁹r
892 4208 968 4296 effe
1015 4208 1285 4323 inuestiganda
1334 4214 1521 4321 aequatio
1570 4216 1677 4299 iuter
1727 4213 1853 4313 latera
1909 4212 2033 4317 ΑΒ,
2070 4208 2179 4309 Bc,

718 4394 794 4489 Fig.
821 4414 858 4478 4⁴
892 4338 930 4427 C
949 4339 1009 4446 D,
1037 4339 1082 4425 D
1102 4344 1139 4424 A
1163 4404 1176 4449 ,
1206 4337 1462 4449 diagonalem
1498 4348 1532 4424 Α
1554 4339 1590 4428 C
1625 4362 1665 4427 et
1698 4340 1897 4447 angulum
1928 4343 1986 4446 Bt
2003 4339 2181 4427 intelli-

894 4470 1004 4578 gitur
1035 4468 1079 4562 id
1110 4471 1285 4565 minime
1316 4468 1432 4597 effici
1465 4468 1603 4587 palie,
1658 4464 1856 4587 fiquidem
1905 4497 1985 4591 pro
2038 4471 2184 4683 uiaq.

1044 4632 1051 4641 ’
1330 4610 1338 4640 ’
1771 4628 1776 4651 ’
2042 4618 2186 4714 guo
